2530 4444
599 254 813 312 ..32-

194 443 295 502 Etiam
317 441 400 520 Ajax
428 431 488 502 uon
511 461 611 502 aecum
635 443 700 522 ipso
724 441 919 543 colloquitur,
948 441 1001 502 sed
1023 462 1091 502 cnm
1113 439 1215 522 gladio,

141 519 143 534 ¹
195 528 284 600 dove,
307 525 386 602 Sole,
407 529 516 591 Furiis.

654 663 787 740 §eo

281 785 513 846 Transeundum
536 785 642 846 estad
665 791 845 870 narrationes
860 791 1029 846 ouationem.
1067 783 1215 865 Dionysia

193 871 291 931 choris
315 871 446 951 Thespis
473 871 537 944 ille,
567 880 602 929 ut
628 881 732 932 notum
755 881 814 944 est,
789 871 1041 933 tiabulatorem
1072 872 1215 952 quendam

193 957 244 1037 adj
246 961 346 1030 unxit,
378 959 429 1037 qui
456 958 558 1056 pausis
588 959 763 1058 opportunis
793 917 869 1018 datis
897 959 976 1018 illius
1005 957 1053 1018 dei
1082 959 1215 1020 historias

82 1047 98 1084 ='
194 1046 330 1104 oratione
351 1044 482 1102 numeris
505 1041 648 1102 adstricta
670 1045 743 1103 recit
732 1052 819 1107 t.arct
856 1044 953 1122 Epiea
974 1063 1023 1104 ars
1045 1063 1113 1102 curn
1127 1045 1215 1124 lyrica

195 1131 281 1210 quasi
304 1129 475 1188 consociata
497 1138 562 1188 erat
577 1129 640 1190 sine
656 1129 775 1190 vinculo
791 1150 826 1188 ac
837 1131 925 1208 jtnnc
926 1149 989 1190 ura.
1028 1129 1109 1188 Tum
1124 1129 1215 1209 Phry·

193 1216 299 1274 nichus
327 1215 401 1273 duos
430 1215 589 1274 histriones
617 1235 714 1316 eoque
742 1235 895 1276 sermones
923 1215 964 1273 alt
952 1223 1054 1302 ternos
1083 1217 1214 1276 instituit.

192 1301 333 1380 Denique
356 1301 467 1360 iactum
490 1309 592 1360 estut
615 1303 665 1381 qui
688 1302 785 1361 adhuc
808 1291 1015 1373 recitaverant,
1038 1311 1144 1381 partes
1161 1321 1215 1362 ιιι-

192 1395 240 1446 ιιι
263 1407 353 1466 agere
375 1390 599 1466 coepissent—
559 1397 647 1446 —et
669 1407 747 1488 quae
769 1396 944 1468 sequuntur.
983 1385 1032 1446 Ex
1047 1387 1106 1446 illis
1121 1395 1215 1446 auten

193 1483 243 1533 ιιι
244 1475 322 1555 ιοιιίι
348 1471 471 1532 dramat'
451 1481 527 1532 ιιιιι
555 1474 706 1553 principiis
739 1476 833 1532 instar
865 1481 1125 1533 monumentorum
1161 1483 1215 1532 tra·

193 1559 303 1638 goedia
324 1560 496 1618 nuntiorum
518 1559 705 1618 narrationes
729 1559 874 1632 servavit,
904 1561 1063 1638 posteriori
1085 1569 1215 1640 ternpore

194 1645 385 1706 oeconomiae
413 1644 553 1704 dramatis
583 1665 618 1703 eo
640 1646 852 1717 inservientes,
883 1645 961 1726 quod
987 1665 1064 1725 quae
1086 1648 1138 1724 agi
1161 1665 1214 1705 nou

192 1740 348 1810 poterant,
382 1732 531 1790 narrando
566 1751 633 1791 curn
665 1751 809 1812 processu
838 1733 963 1810 actionis
989 1733 1214 1790 connectebant.

193 1815 281 1891 Quod
306 1816 457 1878 Seidlerus
487 1819 555 1876 olim
579 1817 727 1895 judicavit
754 1825 875 1898 poetam
903 1817 1013 1897 inillis
1034 1817 1107 1876 locis
1133 1819 1214 1898 quasi

192 1923 342 1982 campum,
372 1923 432 1982 quo
460 1905 536 1983 epici
563 1913 671 1982 poetae
699 1913 800 1983 partes
824 1912 941 1980 ageret,
973 1904 1027 1962 sibi
1050 1905 1214 1964 servavisse

167 1987 265 2069 '(qua
294 2009 333 2048 ex
361 2009 395 2049 re
421 1989 505 2050 lucra
534 1987 680 2068 quaedam
708 1990 902 2066 grammatica
928 1989 1035 2048 iecisse
1059 1989 1114 2048 sibi
1137 1989 1213 2048 vide-

88 2117 90 2126 ,
188 2073 300 2153 batur),
323 2093 390 2134 mea
413 2073 533 2154 quidem
555 2076 704 2135 sententia
725 2076 907 2154 ingeniosius
930 2085 1020 2154 quam
1041 2077 1145 2134 verius
1159 2077 1213 2134 ἰιι-

191 2163 353 2239 cogitatum
382 2173 438 2224 eat.
481 2162 644 2240 Nunquam
671 2181 719 2220 me
744 2160 865 2232 axillis
887 2161 1108 2220 narrationibus
1112 2163 1214 2246 epioe

190 2246 320 2328 quadem
347 2267 421 2305 aura
448 2247 582 2306 afflatum
609 2267 675 2306 esse
699 2247 854 2319 confiteor,
883 2248 939 2305 nisi
961 2247 1039 2305 forte
1061 2266 1129 2306 mea
1152 2267 1213 2326 per·

190 2333 317 2412 cipicndi
339 2333 385 2390 vis
407 2333 480 2392 mire
503 2353 569 2392 cum
592 2333 656 2391 aliis
678 2333 845 2396 hominibus
868 2332 1024 2411 discrepat.

275 2419 352 2478 Sunt
340 2425 478 2477 tautam
506 2418 575 2477 illae
599 2407 706 2502 ῥήσεις
734 2439 795 2480 non
816 2419 935 2496 epicae,
967 2420 1038 2498 quia
1059 2428 1213 2478 narrantes

189 2525 259 2566 suaa
290 2500 444 2584 opiniones
472 2505 638 2564 immiscent
664 2524 700 2564 ao
727 2505 790 2563 iere
820 2504 965 2605 pbique
957 2525 988 2562 ιιι
1016 2505 1116 2585 aliquo
1152 2507 1212 2564 loco

189 2592 338 2653 communi
363 2591 453 2652 finem
480 2589 596 2650 dicendi
623 2589 751 2662 iaciunt,
781 2591 851 2669 quia
873 2592 1022 2652 orationes
1044 2591 1114 2650 illae
1138 2591 1213 2650 omni

189 2679 276 2757 epioe
298 2679 516 2757 tranquillitate
538 2686 649 2749 carent,
674 2678 746 2756 quin
768 2679 826 2735 imo
848 2683 893 2735 int
881 2677 1027 2738 tardum
1018 2697 1050 2734 ιιι
1063 2676 1213 2756 praesenti

190 2769 325 2844 tempore
354 2765 464 2842 raptim
493 2762 674 2842 procedunt;
708 2764 778 2842 quia
812 2765 911 2822 omnia
943 2763 1070 2822 minora'
1089 2764 1213 2824 actionis

189 2857 341 2908 momenta
368 2850 541 2954 repudiant3
576 2849 646 2928 quia
673 2857 819 2928 respuunt
847 2867 950 2907 omnes
982 2865 1089 2907 causas
1121 2862 1212 2908 retar-

190 2933 346 3011 dantes*i;
371 2936 441 3014 quia
463 2933 592 3013 denique
614 2935 779 2994 rectissima
799 2935 850 2995 via
871 2933 909 2994 ad
931 2943 1070 2994 narratae
1086 2937 1130 3020 rei
1150 2955 1212 2994 ner·

189 3041 260 3080 vum
282 3020 500 3115 propelluntur.
537 3019 601 3079 Nec
623 3029 724 3079 tamen
738 3022 834 3100 magis
850 3019 1029 3079 dramaticae
1046 3030 1124 3092 sunt,
1147 3039 1213 3080 nau

189 3108 339 3167 narrantis
366 3110 464 3166 morea
493 3105 638 3184 quosdam
659 3107 803 3186 speciales
825 3107 873 3164 hic
894 3105 991 3164 frusta
1011 3106 1212 3184 investigabis

190 3189 298 3252 Utrum
326 3193 456 3253 rusticus
484 3212 523 3250 an
551 3192 696 3263 urbanus,
724 3201 758 3252 ut
760 3213 824 3252 rum
851 3192 951 3250 nutrix
979 3212 1018 3250 an
1041 3211 1146 3256 servus
1169 3193 1211 3262 sit,

190 3279 255 3337 iere
287 3279 360 3338 nibil
392 3279 526 3338 interest.
574 3277 704 3338 Nuntius
738 3277 937 3357 appellatur.¹
963 3270 1077 3340 ¹Omnes
1111 3278 1212 3338 eadem

189 3363 333 3443 loquendi
358 3365 467 3436 torma,
496 3363 600 3424 eodem
627 3363 771 3424 recitandi
798 3363 864 3422 stilo
887 3372 1022 3428 utuntur.
1068 3361 1129 3439 (De
1150 3366 1211 3444 ipsa

190 3469 236 3522 aa,
260 3469 338 3529 quae
358 3452 478 3530 proprie
493 3449 608 3520 dicitur,
630 3451 801 3517 narratione
816 3449 897 3521 dico,
919 3471 989 3510 nam
1004 3469 1081 3529 quae
1096 3459 1211 3530 praeter

139 3547 143 3556 ’
190 3547 314 3596 narrata
333 3535 376 3595 illi
398 3536 492 3596 verba
512 3536 631 3607 iaciant,
653 3537 712 3596 huc
733 3556 794 3596 non
816 3533 959 3615 spectat.)

275 3621 345 3682 Non
367 3623 479 3699 magis,
499 3621 635 3700 inquam,
658 3621 837 3682 dramaticae
860 3631 943 3695 sunt,
972 3641 1063 3702 quum
1085 3631 1210 3684 ιιιιιιιιιιι

256 3808 284 3874 *)
302 3799 497 3876 „ttearttonte
516 3804 639 3862 niumm
671 3807 776 3860 (loetbii
794 3808 827 3860 de
845 3809 1041 3876 epicaenum
1058 3814 1153 3862 natura
1169 3822 1208 3860 ex·

186 3895 353 3959 abactionem
369 3895 491 3960 respicio.
531 3923 533 3930 ·
