2520 4450
441 289 652 348 ....73...

74 473 108 542 ὓ
133 473 187 560 gtlr'
209 491 274 558 ιιιιι
295 475 408 563 pente
428 509 472 521 —
493 475 563 542 rto
585 473 660 559 nteit
683 475 749 556 ιῑιιι
777 474 825 542 cis
854 476 902 542 tls
924 475 965 558 ut
988 476 1063 560 torti

144 561 179 628 ob
200 561 257 630 mu
278 563 376 630 terent
398 561 470 643 buit,
493 575 537 628 ιιι
561 563 647 644 nitri,
671 562 700 643 io
721 561 821 648 tonuit
841 562 898 630 Qu
920 563 1009 646 great

32 650 117 708 Inest
151 648 194 710 his
222 651 321 710 verbis
350 650 461 729 aliquid
489 649 569 712 illius
591 649 739 712 sanissimi
760 653 902 710 sarcasmi
924 671 960 710 ac
982 651 1063 722 salis,

33 753 124 814 quem
147 737 268 814 saepius
290 736 491 796 ePhilocteta
512 756 707 820 prorumpere
730 755 821 816 supra
836 736 971 796 vidimus.
1006 737 1062 797 Ga·

31 840 104 880 reas
136 829 236 882 antem
265 842 303 882 ue
330 830 419 902 putes
441 832 561 901 poetam
585 823 632 884 hic
655 841 775 887 soccum
796 824 953 900 attingere.
998 823 1062 884 Ηιι-

31 907 157 966 beamus
186 928 222 966 eo
252 910 380 968 cariores
408 909 483 968 tales
510 909 607 980 locos,
636 929 696 988 quo
725 909 852 969 rariores
881 917 952 968 sunt
980 909 1063 988 apud
1126 939 1130 950 =

32 1001 169 1064 veteres,
185 1013 306 1074 quoque
328 997 446 1072 aegrius
469 1014 597 1074 usquam
611 995 682 1054 alibi
697 994 734 1054 ad
749 1002 886 1054 naturam
901 995 1064 1055 humanam

31 1080 160 1139 veritate
183 1092 244 1138 tam
265 1081 419 1179 inopinata
440 1080 622 1178 pingendam
644 1079 840 1140 descendunt.

73 1165 188 1226 'Pr-ach.
205 1167 266 1226 383
289 1159 484 1228 ddoovto-
443 1159 554 1250 -pq‘
576 1187 606 1226 τι
629 1159 751 1233 πάντες
774 1161 806 1227 οἱ
828 1167 936 1243 κακοί,
959 1155 1000 1228 τὰ
1024 1164 1062 1230 δὲ

139 1240 313 1352 λαθραῖ’
301 1269 337 1320 ος
360 1242 500 1314 ἀσκεῖ..

33 1334 149 1396 Chorus
179 1357 234 1418 per
261 1330 408 1400 ὄλοιντο
418 1348 448 1398 et
475 1294 600 1398 Licham
629 1347 658 1397 et
680 1337 840 1398 Herculem
868 1339 1062 1411 indicaturus,
1108 1380 1112 1391 ‹

32 1423 137 1522 eodem
160 1431 261 1483 autem
283 1424 432 1526 ipomento
455 1423 618 1491 Herculem
641 1424 792 1483 dominum
813 1443 901 1482 suum
923 1443 990 1484 esse
1012 1442 1062 1486 eo·

33 1613 198 1655 sermonem
231 1597 401 1674 generalius
427 1555 548 1663 format
584 1617 644 1676 quo
673 1596 818 1696 Dejarrira
851 1595 888 1655 de
923 1597 1063 1656 utrolibet

32 1683 125 1778 possit
149 1682 292 1759 cogitare.
338 1680 398 1758 (Ita
421 1683 510 1741 etiem
532 1683 605 1740 Ειιι.
629 1681 708 1740 Med
734 1683 774 1741 83
798 1673 974 1742 diocto-
997 1681 1061 1761 μὲν

32 1759 85 1849 μή,
110 1760 275 1852 δεσπότης
296 1761 356 1849 γάρ
380 1759 487 1828 ἐστ’
469 1761 557 1846 εμός,
583 1757 682 1848 ἀτὰρ
687 1762 789 1846 ....).

494 1939 524 2020 ς.
548 1943 598 2002 oo.

113 2060 210 2121 Simili
231 2061 260 2118 vi
281 2057 344 2138 pto
366 2049 404 2120 οὗ
429 2063 550 2142 saepius
573 2061 666 2121 verbo
689 2061 888 2140 postponitur,
915 2059 966 2120 ubi
988 2081 1059 2140 poe-

33 2152 88 2207 tam
112 2148 201 2228 quasi
223 2148 254 2206 in
276 2147 425 2248 mysteriis
449 2148 647 2243 componendi
668 2146 892 2227 deprehendere
914 2147 993 2208 licet.

69 2233 118 2293 ΕΙ.
143 2233 206 2293 905
234 2231 291 2294 καὶ
318 2225 413 2313 χερσὶ
440 2226 635 2334 βαστάσασα
665 2229 890 2332 δοςφημῶ-
916 2231 979 2310 μὲν
1007 2224 1058 2312 οὗ,
1110 2307 1113 2316 q

135 2313 236 2399 χαρᾶ
233 2316 283 2380 δὲ
305 2313 520 2406 πίμπλημ’”
501 2338 595 2398 ομμο
618 2313 780 2400 δακρύοι.

31 2401 104 2464 Nam
132 2422 231 2486 paene
258 2427 318 2508 pro
342 2415 424 2467 certo
452 2405 621 2479 habuerim,
655 2416 790 2486 poetam,
825 2414 986 2486 postquam
1020 2426 1057 2466 το

32 2485 193 2576 δυσφημοι
215 2493 347 2570 scripsit,
378 2489 463 2568 (nihil
486 2495 565 2553 enim
587 2453 763 2594 simplicius
793 2511 883 2572 quam
905 2501 938 2549 ut
961 2490 1057 2569 Chry·

31 2575 170 2638 sothemis
208 2577 348 2658 capillum
384 2580 484 2640 fratris
521 2580 708 2658 conspiciens
744 2577 858 2638 laetitia
894 2574 1055 2653 exsultctl)

31 2663 126 2722 subito
150 2683 251 2724 secum
274 2663 479 2724 considerasse
503 2672 617 2744 quanto
639 2663 744 2722 melius
767 2662 847 2722 illam
869 2662 990 2722 deceret
1018 2654 1055 2724 cd

30 2737 206 2888 grippum,
237 2770 333 2829 eaque
361 2749 398 2809 de
426 2770 518 2810 causa
545 2749 726 2809 sententiam
754 2769 809 2828 per
836 2745 898 2826 μὲν
920 2737 959 2808 οὗ
988 2770 1057 2828 pro-

48 2852 160 2894 exisse.

69 2922 144 2982 Ant.
169 2923 230 2982 223
261 2916 354 2994 ἄναξ,
387 2915 519 3003 ἕριὸ-
540 2917 603 2999 μὲν
632 2909 692 2997 οὐχ
721 2937 814 2988 οπως
841 2917 959 3000 adzone
986 2911 1055 2981 ὑπὸ

136 2999 335 3078 δύσπνουςί
322 3005 432 3071 cudae.

31 3083 167 3154 Mdv
128 3114 167 3154 οιι
190 3096 269 3174 posit
270 3115 319 3155 um
345 3103 415 3175 post
443 3085 524 3195 &0153
554 3094 749 3152 rusticitatem
776 3095 873 3154 nuntii
900 3093 1056 3160 ridiculam

29 3179 158 3252 perbene
186 3181 297 3260 pingit.¹
335 3181 444 3240 Verbis
472 3179 549 3239 cuim
579 3172 677 3254 ἄναξ,
711 3173 776 3260 ἐρῶ
805 3177 844 3236 ad
871 3179 1056 3258 loquendum

30 3279 196 3344 aggressus,
221 3267 291 3348 quid
314 3267 437 3345 dignum
459 3275 544 3324 tanto
567 3265 644 3324 feret
666 3265 713 3324 hic
721 3265 893 3366 promissor
906 3261 1055 3344 hiatu?*)

30 3343 203 3411 Parturiunt
224 3361 308 3412 mont
310 3373 350 3423 es
373 3351 474 3449 prodit
495 3349 568 3410 illud
591 3347 670 3428 „pudo
692 3342 752 3426 οὐχ
775 3339 886 3418 οπως*
909 3369 937 3409 κ.
954 3347 1026 3413 ai.

69 3435 108 3499 Ο.
131 3438 164 3498 0.
189 3439 271 3498 1370
295 3432 416 3538 τοιγάρ
446 3428 512 3498 o'o
543 3437 674 3515 δοίμινι
697 3430 819 3538 εἰςορᾷ
852 3434 913 3512 μὲι
947 3433 988 3498 οὔ
1024 3437 1059 3498 τί
1174 3521 1182 3530 .

134 3543 186 3584 πω
210 3515 255 3594 ὦς
278 3515 391 3601 αὐτίκ’,
415 3520 559 3604 εἴπερ.
573 3519 658 3596 ..lec
682 3512 726 3591 ὦς
748 3515 846 3584 atriu
843 3517 1054 3622 ’ἒςόψεται).

29 3603 73 3667 Ita
95 3612 172 3670 eninr
196 3603 237 3671 οὔ
259 3612 294 3671 τί
314 3629 366 3670 πω
395 3611 594 3690 postpositum
616 3609 716 3668 verbis
745 3598 790 3710 οἷς
813 3598 933 3670 αὐτίκα
954 3609 1053 3667 acrius

31 3703 73 3754 est
95 3699 273 3778 oppositum.
311 3695 451 3757 Ceterum
472 3695 546 3755 haec
568 3693 646 3753 illius
668 3691 730 3772 μὲν
746 3715 785 3756 οο
809 3697 916 3775 positio
933 3695 1054 3754 omniuo

33 3845 233 3858 ᾙ--ι--ι

95 3933 123 3998 ⁴)
140 3933 207 3986 Hor.
223 3949 264 3999 ep.
282 3933 317 3984 ed
333 3935 363 3986 P.
379 3930 437 3985 138.
