2530 4444
517 219 807 320 ..4-

196 454 293 514 factus
322 451 423 510 oculos
444 450 476 510 in
497 469 584 510 suum
598 451 699 530 ipsius
728 443 828 528 dejicit
849 459 969 531 pectus,
1002 451 1053 510 ubi
1082 451 1224 510 mundum

196 539 228 598 iu
252 536 362 596 mundo
389 536 479 598 alium
500 555 533 596 se
553 537 720 614 repperisse
749 537 874 596 miratus
896 536 1023 617 primum
1045 535 1082 596 de
1105 557 1138 596 se
1159 538 1228 628 ipso,

197 631 318 684 cantum
340 623 454 686 emittit.
490 621 633 718 Denique
649 641 684 680 eo
680 621 843 681 audaciae
858 623 1011 741 progredit
1012 643 1056 694 ur,
1079 624 1136 680 ut
1129 644 1228 703 ipsum

197 710 344 768 hominem
366 709 488 787 arripiat
511 697 528 768 d
553 697 804 807 aspappadqc'
785 705 865 790 ανήρ
869 701 901 785 *)
926 729 961 769 ec
976 709 1141 768 temerarie
1159 729 1223 768 eum

197 796 271 854 artis
294 814 366 854 suae
383 795 438 854 sibi
453 801 551 852 sumat
570 795 733 855 materiem.
770 792 856 866 Quae
872 795 941 853 olim
956 795 1099 864 narravit,
1119 795 1224 854 iterum

196 881 262 940 fieri
279 881 397 959 jubet
392 901 424 938 m
446 887 550 951 sc'ena3
579 881 646 958 ipse,
672 887 773 938 autem
795 901 875 958 pone
898 900 974 960 opus
996 900 1082 939 suum
1103 883 1224 940 recessit

198 967 283 1026 nobis
306 987 366 1025 non
388 965 513 1044 amplius
537 964 712 1026 cernendus,
739 999 780 1008 -
971 1017 979 1028 .

283 1053 390 1129 Itaque
408 1051 510 1110 drama
532 1060 578 1109 est
593 1052 683 1110 totius
699 1053 855 1110 nationum
877 1051 975 1111 cultus
999 1053 1085 1130 quasi
1100 1053 1222 1124 culmen,

198 1157 346 1216 nusquam
384 1144 483 1196 tamen
516 1137 710 1198 admiratione
745 1139 848 1216 magis
874 1137 997 1215 dignum
1024 1158 1115 1218 quam
1147 1139 1223 1218 apud

198 1223 340 1286 Graecos.
391 1221 491 1296 Quum
518 1225 595 1282 enim
629 1221 710 1302 apud
740 1231 855 1282 ceteros
884 1224 1071 1304 antiquitatis
1099 1226 1223 1303 populos

198 1305 282 1368 initia
309 1315 426 1366 tuntum
452 1308 602 1368 levissima
631 1310 698 1386 ejus
728 1317 894 1390 appareant
929 1305 1043 1385 (Hiob,
1075 1311 1223 1370 canticum

200 1393 382 1464 Salomonis,
411 1393 645 1453 Mahublraratae
673 1395 801 1454 embolia
824 1395 971 1474 quaedam
993 1395 1159 1476 dialogica;
1186 1429 1224 1438 --

199 1481 265 1560 quis
294 1481 371 1539 enim
398 1481 429 1538 in
452 1479 584 1537 dramate
606 1479 784 1540 Oalidasano
808 1483 1015 1540 auctoritatem
1039 1480 1228 1542 Graecorum

198 1566 271 1626 nilril
292 1565 424 1624 valuisse
445 1586 499 1644 pro
519 1572 600 1623 certo
617 1567 798 1626 contendere
813 1565 972 1645 patent?):
996 1567 1077 1646 apud
1092 1567 1223 1628 Graecos

198 1673 216 1712 e
238 1651 304 1710 rudi
331 1662 481 1730 tanquam¹
503 1657 609 1709 trunco
639 1649 705 1710 rori>
720 1651 834 1730 κώμου
856 1653 997 1732 Dionysii
1019 1654 1098 1715 circa
1120 1652 1169 1714 01.
1188 1656 1222 1714 72

199 1738 350 1798 surculum
371 1740 476 1796 mirum
492 1737 589 1795 subito
605 1737 739 1795 videmus
755 1759 919 1818 erumpere,
943 1758 1086 1811 crescere,
1110 1748 1222 1800 tumere

197 1823 333 1896 floribus,
363 1823 492 1904 denique
516 1823 602 1903 quasi
625 1822 755 1923 palmam
775 1825 962 1924 magnificam
984 1833 1090 1888 extare
1113 1826 1221 1886 drama.

198 1909 260 1970 Sed
281 1909 384 1989 rapide
405 1918 439 1969 ut
427 1909 667 1980 tadolevit‚'t1ta
689 1910 754 1985 ejus
777 1907 898 1968 historia
919 1912 971 1968 vix
995 1919 1115 1972 centum
1139 1915 1221 1972 anxiis

198 1995 376 2066 absolvitur,
406 1997 567 2054 formarum
595 2003 695 2050 tamen
726 1993 857 2050 emnium
878 2015 915 2092 ue
938 2016 998 2056 una
1022 1997 1142 2076 quidem
1165 2019 1222 2060 non

201 2083 359 2161 patefacta.

565 2315 690 2395 Liupaa
713 2334 776 2395 qaa
797 2318 859 2379 aia.

286 2421 366 2497 Quin
388 2424 479 2482 etiam
500 2421 632 2498 linguam
647 2420 733 2478 simili
746 2422 929 2500 procedendi
944 2429 1110 2488 constantia
1120 2423 1228 2490 natam

201 2529 267 2572 esse
289 2517 380 2588 atquc
408 2507 557 2567 excultam
578 2508 738 2566 monstrari
760 2515 871 2586 potest.
915 2509 965 2568 Ab
988 2511 1069 2570 initio
1091 2515 1172 2574 enim
1193 2509 1228 2588 ull

200 2597 334 2656 homines
362 2595 433 2654 feris
461 2591 592 2650 moribus
621 2600 713 2671 atque
732 2594 898 2654 insociabili
921 2615 975 2653 suo
987 2598 1125 2675 quisque
1148 2557 1228 2678 arbi-l

200 2691 281 2741 tratu
308 2681 401 2740 vitam
428 2679 554 2756 degunt,
585 2679 627 2736 ita
650 2679 752 2756 lingua
774 2699 878 2739 eornm
907 2678 1002 2760 (quad
1025 2683 1122 2746 adhue
1145 2685 1223 2766 apud

202 2786 305 2827 omnes
334 2767 414 2830 feros
441 2764 568 2864 populos
597 2764 750 2823 observari
777 2760 858 2842 lieet)
892 2763 1030 2826 notiones
1057 2776 1089 2828 et
1116 2775 1222 2850 eogita-

202 2854 305 2922 tiones,
328 2851 481 2910 vixdum
473 2872 504 2909 m
526 2858 594 2927 pect
596 2871 647 2909 ore
673 2859 766 2924 natas,
792 2853 872 2910 sonis
895 2853 1080 2918 naturalibus
1103 2858 1223 2934 profert

202 2937 289 2998 aliam
316 2938 353 2996 ab
382 2938 440 2996 alia
466 2935 594 3013 abrupte
621 2935 815 3016 disjunctam,
845 2939 1025 3017 implacabili
1052 2941 1141 3000 mode
1175 2963 1223 3002 sua

203 3043 351 3104 quamque
372 3023 509 3082 libertate
531 3023 666 3084 inuisam.
712 3021 801 3096 Quod
824 3023 944 3104 quidem
965 3024 1109 3104 loquendi
1131 3047 1224 3104 genus

202 3109 294 3168 ullum
316 3107 396 3188 quod
417 3109 612 3186 permanserit
634 3129 710 3188 opus
732 3117 890 3191 procreare
913 3129 975 3168 non
991 3112 1121 3171 valuisse
1141 3115 1228 3174 facile

177 3195 251 3254 ‘est
270 3193 430 3266 intellectu,
454 3214 546 3273 quare
568 3215 607 3252 ex
628 3195 685 3252 illis
708 3195 855 3254 aetatibus
871 3196 1038 3256 litterarum
1052 3218 1215 3260 monumen

202 3287 300 3340 torum
322 3287 406 3339 extat
428 3280 550 3338 nullum.
587 3279 713 3338 Paullat
694 3289 745 3338 ιιιιι
767 3301 838 3340 vero
862 3290 892 3340 et
914 3282 1052 3344 homines
1071 3292 1102 3342 et
1123 3285 1223 3364 lingua

204 3367 353 3427 societatis
375 3367 582 3426 necessitatem
604 3367 722 3437 sentire,
746 3367 821 3425 alius
837 3367 887 3426 alii
901 3369 1058 3440 conciliari
1084 3374 1222 3432 orationis

203 3452 334 3512 membra
354 3471 415 3510 una
433 3453 477 3511 ire
499 3460 529 3511 et
550 3451 700 3530 applicari,
724 3445 906 3533 παράταξις
926 3455 999 3514 lieri.
1036 3455 1181 3538 Denique
1196 3465 1222 3516 ιιι

203 3541 282 3598 inter
302 3538 435 3596 homines
456 3537 544 3615 hujus
567 3538 604 3596 de
627 3557 688 3616 qua
710 3537 832 3598 dicimus
855 3542 1023 3611 solatiam,
1052 3545 1104 3621 qui
1127 3563 1221 3605 comes

204 3625 275 3696 fuit,
304 3623 404 3683 evadit
392 3623 569 3702 tprinceps
598 3641 695 3703 eoque
722 3625 781 3682 civi
781 3633 827 3683 tas
854 3625 931 3685 bene
958 3625 1095 3688 ordinata
1116 3631 1219 3708 prodit

204 3712 248 3770 sie
269 3710 357 3769 etiam
378 3709 519 3768 orationis
540 3718 642 3787 partes
665 3709 849 3789 disciplinam
872 3711 1020 3791 quondam
1035 3713 1219 3795 obsequium·

273 3895 301 3963 1)
317 3895 379 3948 Ant.
399 3891 460 3949 347.
