2530 4444
462 251 653 312 ...34

42 457 103 519 que
130 445 235 498 mutuo
268 457 410 500 exercere
438 439 598 518 incipiunt,
632 439 760 519 denique
787 441 819 500 in
845 445 960 518 emori
988 443 1075 522 qussi
1114 425 1117 435 Ι

39 522 202 586 παιδείαν
224 524 393 586 absolvunt

127 609 218 683 Quod
239 609 277 669 ad
299 619 417 689 tempus
439 613 554 682 attinet,
578 632 637 691 quo
659 611 762 689 lingua
783 611 950 672 litterarum
971 615 1073 692 primi·

39 697 99 756 tias
122 698 305 776 procreavit,
329 693 420 775 (quae
443 706 513 756 snut
535 698 695 758 Homerica
716 701 848 758 carmina
870 700 952 777 apud
974 699 1073 760 Grae-

40 779 121 860 cos),
150 782 201 850 ille
228 791 326 842 aetate
353 782 384 842 id
411 781 523 844 fectum
549 783 699 853 videmus,
730 804 790 864 qua
817 805 836 842 a
864 787 1004 862 parataxi
1032 784 1074 846 ad

39 869 185 947 syntaxis
208 870 368 928 transitura
390 877 468 940 erat3
491 889 570 948 quae
592 889 641 928 res
663 869 743 948 opud
759 869 923 931 Homerum
941 873 1007 948 jam
1029 891 1073 932 ex

38 962 190 1033 potestate
212 955 329 1013 articuli
350 955 428 1014 iuter
450 955 715 1016 demonstrativum
730 964 761 1014 et
775 956 932 1016 articulum
948 958 1071 1035 proprie

38 1040 153 1100 dictum
180 1039 364 1110 fluctuantis,
393 1043 463 1100 evi
484 1042 740 1120 praepositionum
767 1043 940 1120 saepissime
962 1041 1072 1101 edver-

37 1125 158 1186 biorum
185 1125 284 1188 locum
310 1128 488 1199 tenentium,
523 1147 539 1185 e
567 1127 666 1186 multis
694 1128 758 1186 aliis
786 1127 872 1186 facile
901 1135 1002 1206 potest
1028 1129 1073 1188 irr-

39 1212 146 1290 telligi.

104 1356 106 1360 ,
127 1297 240 1377 Utique
261 1305 362 1358 autem
383 1299 436 1358 tali
452 1299 506 1362 ¹illo
529 1299 656 1358 naturali
670 1318 768 1358 rerum
784 1297 914 1360 decursu
930 1299 1068 1371 efficitur,

37 1391 73 1442 nt
94 1383 127 1443 in
150 1384 229 1444 omni
243 1387 341 1463 poesis
355 1403 475 1464 genere.
498 1385 564 1463 quis
578 1385 734 1448 invenerit.
757 1403 891 1462 nequeas
907 1385 1069 1446 affirmare.

36 1470 149 1550 Neque
178 1471 256 1528 enim
283 1471 436 1550 Epigenes
464 1469 621 1549 Sicyonius
649 1472 681 1528 in
709 1469 863 1547 tragoedia
897 1469 954 1530 hoc
988 1471 1072 1543 feeit,

34 1575 141 1634 neque
164 1555 307 1634 Thespis,
336 1575 435 1636 neque
459 1554 627 1625 Choerilus,
657 1555 710 1614 sed
738 1556 845 1615 natura
874 1555 999 1634 singulis
1023 1556 1070 1614 his

38 1651 188 1720 tanquam
207 1642 408 1702 instrumentis
430 1661 493 1711 usa,
517 1650 596 1700 artes
617 1641 786 1718 plantarum
802 1642 917 1701 ratione
934 1661 1072 1701 crescere

34 1730 139 1806 jussit.
178 1725 247 1800 Qua
268 1728 305 1788 de
327 1747 418 1799 causa
439 1725 511 1784 nihil
533 1725 613 1784 aliud
635 1727 749 1786 valebis
765 1728 821 1786 nisi
836 1728 983 1786 rationem
997 1727 1072 1786 mihi

38 1823 217 1884 monstrare
241 1833 301 1893 que
321 1833 390 1892 pars
413 1811 491 1893 parti
513 1813 687 1870 accreverit.
734 1812 811 1870 'Pam
834 1832 911 1890 epos
935 1813 1072 1872 Homeri-

38 1919 109 1960 cum
139 1919 230 1978 quam
257 1897 409 1977 tragoedia
436 1897 579 1978 populum
609 1905 705 1956 totum
734 1898 776 1956 ita
806 1897 900 1958 habet
919 1907 1074 1958 auctorem
1127 1913 1130 1923 ·

37 1993 71 2046 et
94 1993 220 2064 patrem,
243 1993 287 2044 ut
284 1985 374 2048 illius
397 1985 462 2044 viee
484 1984 677 2061 fungantur'
670 1985 791 2060 ingenia
813 1983 941 2059 singule,
961 1983 1072 2112 quihus

39 2074 151 2132 aetatis
173 2089 290 2149 semper
312 2089 426 2132 summa
449 2074 626 2130 continetur.

458 2325 662 2336 ———-——--

139 2528 197 2604 De
223 2529 397 2630 Aeschyli
425 2539 462 2604 et
480 2529 686 2648 'Sophoclis
714 2539 799 2648 arte
821 2528 975 2604 scenica.

219 2873 223 2880 .
308 2824 472 2889 Dramatic
492 2824 654 2905 Aeschylei
675 2829 802 2886 actura.
925 2883 951 2895 ,,

130 2931 192 2990 Res
218 2929 288 2992 mihi
317 2931 473 3008 proposita
496 2929 538 2988 ita
570 2929 643 2998 fert,
676 2935 710 2986 ut
742 2926 779 2986 de
808 2925 967 3005 Sophoclis
1001 2925 1072 2988 stilo
1172 2955 1178 2974 ι

39 3021 179 3080 dicturus
201 3017 357 3096 respiciam
376 3016 474 3076 solum
490 3013 674 3092 Aeschylum
696 3011 935 3092 praecedentem,
960 3012 1073 3090 quippe

39 3105 98 3186 qni
121 3103 160 3162 ad
180 3103 323 3165 Nostrum
344 3102 479 3170 veluerit
506 3119 605 3178 neque
629 3098 805 3178 Euripidem
828 3103 1005 3178 sequentem
1025 3105 1073 3158 ar-

41 3201 168 3269 temque
189 3189 241 3250 nbi
261 3185 416 3266 Sophoclis
438 3185 786 3266 reliquieexcipientem.

133 3275 240 3334 Primis
272 3282 372 3333 autem
403 3275 488 3332 lineis
522 3272 713 3330 adumbratae
747 3289 897 3369 personae
932 3269 1076 3348 Aeschyli

42 3369 223 3435 cernuntur,
258 3369 291 3418 ut
279 3361 385 3419 tillae
414 3358 658 3419 Germanicorum
691 3357 853 3414 carminum
887 3354 1075 3414 heroicorum

42 3451 87 3527 fig
68 3467 169 3518 ‘murae
193 3465 271 3526 quae
293 3447 330 3504 ob
346 3453 414 3504 vast
403 3445 557 3504 titudinem
572 3443 734 3511 modorum,
758 3461 819 3498 uon
835 3439 872 3499 ob
890 3441 1075 3518 singularum
1099 3487 1101 3491 .

43 3534 177 3615 partium
188 3531 372 3610 diligentiam
388 3530 580 3593 admirat'trone
596 3527 811 3588 nosafficiunt
848 3526 977 3588 'Pitanos
996 3532 1074 3596 sunt,

43 3629 78 3682 et
100 3619 263 3680 daemones
279 3625 314 3676 et
302 3616 448 3688 theroes
464 3637 549 3695 quos
564 3614 748 3676 Graecorum
770 3612 875 3673 drama
898 3611 1075 3710 apriuoipio

44 3706 181 3766 effinxit.
218 3705 296 3764 Nem
318 3723 408 3782 quum
430 3723 541 3764 novum
568 3707 648 3760 esset
670 3717 828 3778 nuperque
850 3700 1019 3768 inventum,
1046 3695 1077 3758 ei

47 3792 173 3872 quaeiy
160 3793 211 3868 jus
240 3787 423 3850 consistendi
448 3807 483 3848 ac
510 3784 631 3846 vivendi
660 3804 695 3844 eo
719 3783 913 3843 obtinendum
935 3789 1013 3854 erat,
1042 3787 1078 3842 ut

47 3880 160 3938 formas
187 3877 323 3954 ingentes
351 3875 550 3952 materiasque
580 3871 717 3931 insolitus
748 3869 803 3930 sibi
831 3875 990 3964 quaereret
1012 3875 1078 3928 stu·

837 3963 875 4018 1⁸
927 3972 929 3980 ’
