2520 4450
594 291 634 304 ..
679 254 805 318 72‘..

228 445 379 520 entes?
404 435 472 508 ἀλλ’
495 434 516 529 i}
524 444 567 507 δε
588 435 634 529 μὴ
657 435 736 523 λέγ’·Ι
759 436 807 506 οὗ·
821 437 882 526 γάρ
903 439 970 508 ἐστ’
990 439 1059 508 ἔνι’

294 533 373 608 „noli
396 531 521 610 emplius
545 531 643 591 dicere
665 521 758 615 ip‘dsf‘
838 539 844 556 '

224 617 301 700 ¹Ant.
319 620 380 678 504
403 608 531 686 τούτοις
547 615 645 678 τοῦτο
662 614 765 680 πᾶσιν
787 607 957 680 ἁνδάνει
978 615 1094 696 λέγοιτ’
1110 604 1166 678 ἂν.
1180 663 1206 678 ..

294 704 331 763 ab
355 704 490 764 omnibus
513 703 560 762 his
582 704 731 764 diceretur
753 705 968 775 ‚,eonsentio“!
991 706 1049 765 nisi
1064 749 1071 764 .
1087 749 1093 762 .
1107 749 1136 763 ..

272 790 379 868 Majori
408 809 474 850 cum
502 789 597 849 ironia
623 791 664 850 ita
695 791 827 870 loquitur
857 811 946 870 quam
977 792 1002 850 si
1030 791 1093 849 sine
1115 791 1205 849 colore

186 863 339 938 ἁνδάνειν
362 877 483 936 diceret.

645 1013 749 1090 em

266 1132 368 1220 'Simili
389 1133 477 1194 modo
500 1135 658 1196 vocativus
681 1135 844 1214 praedicati
866 1137 947 1215 quod
969 1153 1111 1204 vocemus
1133 1136 1203 1194 vices

185 1219 261 1297 agli:
809 1269 810 1274 ,
1237 1251 1238 1276 1

228 1305 279 1384 Aj.
303 1305 362 1363 695
379 1287 466 1366 ‘nde
488 1294 690 1384 ἆλίιτλαγκτε
713 1352 773 1368 ...
796 1303 933 1391 φάνηθι.
957 1294 1071 1368 ἁλίπλ.
1103 1307 1203 1366 dictum

162 1423 166 1440 .
291 1400 338 1450 est
359 1412 413 1471 pro
437 1381 523 1474 ὑπὲρ
546 1387 700 1471 πελαγῶν
721 1389 842 1469 μολών.

226 1467 922 1560 mmmmmmmmm

142 1634 145 1650 Ι
291 1562 383 1622 Phil:
407 1562 548 1648 δύστηνε
570 1562 655 1646 δῆτα
679 1554 733 1624 διὰ
756 1563 869 1625 πόνων
890 1556 1027 1626 πάντων
1050 1565 1172 1642 φανείς.

183 1647 231 1706 Ite
260 1650 339 1708 enim
365 1669 470 1708 versus
498 1650 565 1710 illos
595 1647 814 1730 dispertiendos
841 1661 924 1731 puto.
977 1645 1098 1708 Sentias
1126 1651 1202 1718 enim,

184 1753 307 1812 quaeso,
332 1755 391 1815 qua
411 1757 479 1795 enm
500 1735 552 1796 bili
573 1736 652 1795 Phil.
675 1737 824 1815 loquatur.
860 1733 982 1813 (Verbis
1005 1735 1202 1815 Neoptolemo,

182 1828 216 1877 ut
232 1819 345 1879 faciunt
360 1821 497 1891 editores,
519 1823 647 1894 tributis,
666 1822 878 1882 inhabilissimo
894 1821 982 1881 modo
998 1823 1100 1900 posita
1114 1828 1203 1880 essent

73 1947 75 1950 ψ
182 1915 213 1964 et
236 1900 375 1991 δύστηνε
398 1909 515 1987 φανείς
536 1919 566 1968 et
591 1907 697 1992 δῆτα.)

226 1990 373 2073 identat:
400 1991 456 2059 ltu
478 2011 576 2058 armet·
597 1993 714 2061 ilicem
898 2037 902 2043 «

225 2076 341 2158 illita
364 2079 493 2157 ,δοντα
514 2077 639 2145 δισσά
664 2112 701 2123 -
726 2077 834 2160 0ιί1011
856 2078 906 2144 bio
931 2079 970 2160 td)
994 2079 1069 2146 tot!
1154 2111 1176 2154 ῃ

181 2163 284 2224 Peene
306 2165 439 2225 adverbii
460 2166 558 2230 locum
582 2175 666 2227 tenet
692 2163 773 2244 λέγω
802 2165 851 2246 Aj.
870 2167 929 2226 509
955 2166 1066 2250 ,μητρί
1087 2163 1115 2226 τ’
1130 2154 1201 2246 Ἔρι-

180 2250 261 2331 βοία
289 2247 380 2328 λέγω.
431 2252 580 2331 Exempla
608 2275 656 2336 ap.
685 2253 762 2313 Lob.
785 2253 804 2314 l.
827 2254 846 2313 l.
870 2254 1054 2317 Attraetioni
1083 2259 1202 2330 cognata
1238 2218 1239 2290 l

183 2343 229 2394 est
247 2339 394 2412 prolepsis,
418 2357 434 2395 e
453 2337 636 2398 Graecorum
652 2341 817 2398 vivacitate
838 2348 916 2409 nata,
941 2358 1019 2418 quae
1036 2337 1127 2397 rebus
1149 2335 1201 2395 effi·

184 2421 295 2482 ciendis
323 2431 421 2496 mente
449 2442 645 2502 praecurrens
669 2427 734 2502 jam
756 2425 868 2502 cogitat
890 2425 927 2483 de
950 2425 1082 2486 effectis..
1121 2425 1200 2483 Innu-

181 2507 338 2568 merabiles
368 2517 437 2568 sunt
464 2509 522 2568 loci
551 2530 600 2588 ap.
630 2509 822 2589 Sophoclem,
860 2513 947 2587 eujus
975 2511 1006 2569 in
1035 2528 1136 2569 amore
1163 2516 1200 2567 est

180 2592 340 2673 prolepsis,
370 2597 488 2674 plurimi
515 2605 617 2655 tamen
644 2597 675 2654 in
703 2596 763 2655 fab.
788 2593 864 2656 Oed.
889 2595 953 2658 Col.
984 2631 1025 2640 —
1056 2597 1083 2654 E
1112 2595 1199 2655 moltis

181 2677 292 2739 habeas
314 2681 386 2742 hos:
625 2671 630 2687 “
898 2726 903 2736 ,

223 2765 350 2825 911249
378 2765 498 2845 γονέων
524 2761 677 2846 ἐκτίμους
706 2763 845 2845 ἴσχοντα
874 2771 1037 2849 πτέρνιιας
1058 2765 1155 2846 γάιον,
1180 2767 1199 2826 si
1238 2775 1239 2806 ³

288 2851 452 2912 inhiberem
473 2853 612 2926 lamenta,
638 2865 670 2912 ut
692 2863 849 2934 parentum
873 2854 1129 2916 obliviscerentur.

224 2933 262 3001 Ο.
279 2936 312 2998 C.
332 2941 412 2997 1112
436 2931 589 3018 ἐρεῖσαν,
614 2922 641 3000 οῗ
656 2947 728 3016 παῖ,
745 2937 891 3022 πλεῦρον
906 2929 1101 3021 ἀμφιδεδξιον
1117 2929 1197 3016 (olem

286 3043 346 3102 μοι
368 3015 563 3104 ἀμφιδέξιον
582 3023 737 3104 γενέσθαι
758 3017 795 3086 cd
819 3021 967 3107 πλεῦρον
988 3017 1082 3104 ὑμῶν
1097 3021 1195 3098 Schol.)

124 3185 127 3189 .
223 3105 310 3171 ee.
331 3113 410 3171 1089
435 3104 575 3192 εὔαγρον
597 3108 770 3174 τελειῶσαι
791 3106 900 3190 λάχον.
1162 3128 1166 3136 ·

223 3189 411 3259 001551
437 3188 495 3258 τὸν
517 3195 708 3259 τελευταῖον
730 3199 807 3278 βίον
829 3191 976 3282 ιιράψιον.

224 3276 310 3344 0.(1.
333 3285 413 3343 1200
437 3275 606 3366 άδέριινων
625 3273 787 3360 άμμάτων
809 3281 1003 3368 τητώμενος.
1047 3291 1050 3300 ’

179 3365 256 3426 Item
278 3367 326 3428 El.
351 3371 422 3440 ⁶207,
444 3371 502 3450 Aj.·
520 3374 590 3441 517,
616 3374 688 3428 Ant.
712 3373 783 3440 881,
808 3371 858 3449 Aj.
883 3373 932 3442 69,
956 3369 1004 3430 El.
1023 3366 1071 3440 18,
1095 3368 1194 3430 Trach.

179 3451 442 3529 meme
1034 3492 1039 3500 ·

638 3592 744 3670 em

263 3713 420 3774 Notandae
443 3735 532 3794 porro
555 3725 625 3776 sunt
647 3717 873 3777 exsecrationes
895 3716 966 3782 hae:
1082 3702 1085 3707 ¹

220 3797 297 3858 Phil.
319 3804 377 3860 961
408 3788 516 3876 ὄλοιο,
544 3795 661 3882 μήπω,
692 3800 774 3882 πρὶν
802 3796 942 3880 μάθοιμ’
966 3796 999 3863 εἰ
1026 3799 1085 3862 καὶ
1106 3793 1192 3862 πάλιν

284 3879 414 3970 γνώμην
434 3888 613 3964 μετοίσεις·
637 3881 670 3948 εἰ
691 3887 728 3952 δὲ
749 3886 805 3971 μή,
829 3881 949 3956 θάνοις
971 3884 1090 3956 κακῶς.
