2530 4444
621 237 816 296 ..6-

177 405 240 486 'co
263 425 354 484 altius
376 426 476 485 statim
499 423 632 502 cadunt„
661 421 693 483 Si
708 417 835 498 dubitas,
858 425 929 486 mihi
944 445 1088 506 emeca,
1112 445 1233 506 quaeso,

205 512 258 591 qui
279 511 392 582 factum
415 512 467 582 sit,
497 517 547 582 nt,
577 527 670 591 quum
698 510 779 590 apud
806 512 886 590 seles
908 511 1004 571 Jones
1027 519 1058 570 et
1079 511 1237 590 tragoedia

205 605 238 657 et
256 597 412 658 comoedia
434 597 517 656 nasci
538 615 746 676 summumque
771 597 922 676 fastigium
943 597 1106 657 ascendere
1128 606 1232 678 potue·

206 685 281 756 rint,
309 683 532 761 Dorica'genn
561 682 612 741 illa
634 702 701 742 cum
724 702 778 741 sua
799 684 898 742 indole
921 683 1041 744 austera
1056 703 1098 742 ac
1120 683 1232 742 difficil-

206 769 285 840 lima,
310 789 377 828 eam
395 771 490 839 unice,
514 776 545 826 ct
558 768 749 826 humillimam
766 769 892 848 quidem,
915 769 1232 841 adamaretaomicam,

125 859 129 866 “
209 875 288 934 quae
314 853 443 916 motibus
472 855 605 932 corporis
634 853 812 933 quibusdam
837 853 1031 925 deformibus,
1056 855 1234 915 distortione

204 959 242 1004 oc
267 940 484 1020 'depravatione
512 949 631 999 artuum
658 943 734 999 risus
764 935 916 1020 nuptast).
971 939 1088 1015 Quibus
1115 942 1233 1020 quidem

99 1034 102 1042 '
205 1028 320 1086 naturis
343 1026 416 1085 nihil
439 1025 568 1085 medium
590 1033 689 1085 estet
712 1026 795 1086 ‘dum
817 1028 914 1086 vitent
934 1027 1015 1102 vitia,
1037 1028 1068 1084 in
1083 1029 1233 1086 contraria

205 1112 353 1175 currunt.'
391 1113 462 1172 Sola
484 1119 584 1171 autem
600 1111 713 1172 donum
735 1121 844 1171 natura
864 1113 915 1172 illa
937 1121 1001 1172 erat
1023 1113 1176 1172 fortunata
1199 1133 1232 1172 ac

189 1189 388 1269 felicissima,
420 1218 498 1278 quae
525 1199 637 1278 ubique
663 1197 761 1259 modo
782 1219 838 1268 usa
862 1199 1026 1275 justissimo
1054 1200 1134 1258 vires
1162 1219 1232 1258 suas

180 1317 186 1328 .
204 1278 405 1362 pulcherrime
428 1293 617 1364 temperaret.
633 1319 675 1330 -
692 1285 760 1342 Non
777 1305 836 1363 quo
849 1285 1035 1364 ‘Aeschylum
1050 1305 1069 1344 a
1084 1284 1233 1363 Sophocle

203 1370 248 1428 ita
270 1368 388 1429 differre
412 1370 549 1442 dicerem,
572 1383 607 1428 ut
628 1371 704 1430 alter
726 1390 765 1430 ex
787 1371 926 1442 Doribus,
950 1371 1024 1430 alter
1045 1391 1084 1430 ex
1099 1371 1231 1430 Jonssaus

204 1464 287 1514 ortus
316 1455 410 1519 esset!
448 1465 480 1514 at
509 1459 535 1514 si
562 1455 714 1534 Aeschylo
749 1455 846 1515 tribuo
875 1457 978 1516 Dorici
1005 1456 1130 1536 aliquid,
1165 1459 1232 1536 quis

185 1538 305 1620 putet,
339 1543 476 1601 nationes
505 1541 638 1601 Graecas
671 1543 713 1600 ita
746 1551 853 1602 exacte
886 1563 905 1601 a
936 1551 1044 1601 natura
1076 1543 1232 1602 moenibus

200 1628 359 1706 septisque
382 1627 474 1687 fuisse
498 1637 662 1706 separatas,
685 1636 719 1687 ut
742 1648 844 1688 earum
865 1627 980 1688 indoles
1001 1637 1104 1690 mutuo
1127 1629 1158 1688 in
1173 1630 1230 1687 sin·
1256 1649 1257 1692 l

201 1711 280 1789 gulis
302 1713 471 1773 hominibus
493 1721 679 1792 permutatas
701 1733 762 1774 non
779 1712 940 1794 reperiat?
1256 1695 1257 1740 l

287 1798 492 1860 Transeamus
515 1800 553 1860 ad
576 1796 764 1883 Sophoclem.

669 1951 751 2030 tt

462 2071 633 2151 Sophocles
656 2079 686 2133 et
707 2074 776 2152 ejus
798 2075 958 2155 aequales.
1004 2133 1007 2144 .

242 2221 244 2228 ⁴
286 2193 328 2250 Et
350 2192 428 2252 hene
451 2194 563 2254 scilicet
585 2196 699 2254 cavebo
721 2196 804 2274 loqui
827 2195 864 2255 de
887 2199 1005 2278 apicula
1028 2197 1157 2278 quadam
1171 2199 1229 2258 At-

111 2317 115 2324 =
201 2280 270 2348 tice,
294 2277 332 2336 de
355 2287 511 2357 poetarum
534 2269 780 2362 ὁμηρικωτάτῳ,
804 2281 841 2341 de
864 2283 1010 2360 ejusmodi
1026 2284 1098 2355 aliis,
1122 2286 1231 2364 quibus

200 2365 307 2423 mirum
337 2370 483 2442 quantum
511 2367 563 2444 qui
591 2375 716 2424 utuntur
744 2369 855 2427 dixisse
883 2369 938 2428 sibi
964 2369 1113 2430 videntur.
1157 2371 1230 2432 Ubi-

205 2469 334 2529 cumque
358 2452 437 2509 enim
459 2445 567 2530 poetae
589 2451 683 2511 Attici
704 2453 857 2512 imitantur
878 2455 1042 2515 Homerum
1065 2454 1173 2536 (quod,
1196 2459 1231 2515 ut

200 2555 267 2596 cum
282 2535 435 2596 Boeckhio
456 2536 572 2616 loquar,
594 2538 717 2612 faciunt,
739 2561 800 2600 non
816 2550 848 2599 ut
861 2541 963 2614 lateat,
986 2541 1040 2601 sed
1054 2551 1088 2601 ut
1102 2540 1229 2622 pateat),

145 2634 146 2639 ’
201 2621 231 2679 id
256 2622 344 2681 facile
366 2643 482 2682 mecum
504 2623 747 2703 interpretaberis
770 2646 809 2685 ex
829 2626 880 2684 illo
903 2647 985 2686 more
1001 2628 1228 2702 Atheniensum,

198 2705 237 2765 de
263 2727 323 2786 quo
348 2707 445 2766 Thuc.
467 2709 530 2781 111,
552 2711 593 2769 38
616 2713 865 2771 commemoravit.
909 2713 990 2772 Nihil
1012 2716 1090 2773 enim
1111 2715 1228 2774 facilius

174 2794 267 2854 *esse
289 2792 362 2852 dicit
385 2813 475 2875 quam
489 2795 690 2857 Athenienses
713 2798 789 2857 illius
811 2801 918 2860 aetatis
941 2799 1075 2876 novitate
1096 2809 1128 2860 ct
1148 2802 1227 2860 inso-

196 2877 289 2938 lentia
317 2877 462 2960 loquendi
490 2879 635 2960 decipere.
686 2881 805 2946 Usitata
831 2905 867 2944 ac
899 2887 970 2944 trita
996 2905 1047 2945 eos
1074 2906 1227 2966 respuere,

199 2965 313 3027 servire
341 2965 438 3036 miris,
455 2967 579 3040 ¹oratori
601 2978 699 3028 mente
721 2990 931 3049 praecurrere,
961 2972 1004 3030 rei
1026 2973 1155 3051 speciem
1177 2972 1226 3032 ad-

199 3049 367 3110 umbratam
401 3051 495 3128 magde
530 3073 619 3134 quam
651 3055 713 3114 re'm
751 3063 853 3136 aperte
885 3057 1052 3136 expositam
1088 3055 1228 3120 adamare

197 3143 266 3196 cett.
289 3168 331 3178 —
354 3135 464 3216 Itaque
492 3147 690 3216 spectatores,
720 3135 811 3220 quum
833 3139 927 3202 verba
953 3151 1061 3224 poetae
1083 3145 1228 3204 notissimi

199 3219 375 3294 audiebant,
397 3224 601 3302 gratissimum
622 3225 652 3286 id
675 3235 868 3306 acceperunt,
892 3230 1003 3310 quippe
1023 3229 1107 3310 *quod
1129 3231 1225 3290 erudi-

196 3303 272 3366 tioni
292 3326 364 3366 suae
384 3309 496 3390 politae
520 3312 626 3370 mirum
649 3320 794 3389 quantum
815 3311 1007 3376 blandiretur.
1030 3342 1034 3353 ·

194 3441 400 3454 ----.....-...

245 3522 274 3590 ⁹)
289 3526 356 3594 lljus
369 3531 475 3594 generis
487 3525 697 3595 babessspsrtae
710 3531 770 3584 illos
788 3513 1000 3605 δεικηλικτάς,
1016 3531 1142 3602 Megaran
1153 3537 1224 3589 Mae-

194 3626 281 3676 scncs,
291 3613 425 3680 Tolynos3
443 3629 554 3680 quorum
567 3613 652 3682 ludos,
670 3633 685 3667 e
697 3619 880 3685 Peloponneso
890 3637 939 3688 per
950 3620 1069 3672 Siciliam
1080 3623 1108 3672 ln
1120 3623 1224 3674 Italiam

194 3698 312 3761 holsten
329 3701 398 3750 bene
417 3702 514 3751 novisti
532 3702 581 3752 sub
599 3705 705 3756 nemine
722 3695 912 3759 Atellanarum.
943 3705 990 3758 Sic
1007 3709 1086 3758 etiam
1097 3709 1224 3776 Epichar-

192 3793 264 3835 mnm
283 3784 450 3837 Siciliensem
474 3789 591 3854 scrupuli
614 3805 667 3842 non
689 3793 729 3842 ita
745 3795 909 3858 planxerunt,
930 3793 995 3860 quin
1010 3795 1093 3846 etiam
1109 3795 1224 3862 philoso-

191 3867 287 3934 phicas
305 3870 500 3937 disputationes
517 3871 617 3928 linceis
636 3878 694 3928 suis
711 3881 739 3928 st
754 3878 854 3946 Pappia
870 3881 1045 3934 intersereret
