2530 4444
471 261 683 320 ..15-

59 469 121 509 non
144 449 243 510 video.
281 449 390 509 Illud
382 469 480 528 rpsum
502 451 580 517 esim
602 460 649 510 ost
671 458 806 520 metrum,
830 469 959 530 quocum
974 449 1087 509 Atosss

58 536 157 614 primo
184 535 318 614 prodit
310 557 342 594 ιιι
370 556 502 608 scenam,
533 555 662 615 quocum
687 537 753 615 ipss
782 555 850 594 curn
876 535 971 596 Dario
998 535 1088 594 collo-

59 622 179 702 quitur,
209 642 339 703 quocum
364 623 573 700 Agamemnon
601 619 761 700 Aeschyli,
797 641 926 702 quocum
954 605 1097 701 Oedipus⁸

58 727 115 767 rex
130 707 288 786 Sophoclis
309 707 461 778 finiuntur,
486 728 614 786 quocum
629 707 811 766 Philoctetes
826 715 858 766 et
872 707 1089 787 Neoptolemus

59 793 144 852 firmo
175 794 298 852 consilio
327 801 414 894 capto
384 793 597 852 tdecessum
625 801 746 894 parant,
776 813 906 874 quocum
932 793 1089 880 Dionysus

59 878 144 980 opud
166 875 341 958 Euripidem
364 881 466 958 quieta
494 900 561 938 cum
582 879 738 957 majestate
709 879 799 938 tad
822 873 969 938 Bacchas
977 888 1090 960 perter-
1166 905 1173 922 ·

56 965 133 1024 ritas
157 963 379 1042 accedit*)—
401 965 472 1044 quid
495 963 605 1044 plura?
631 973 757 1062 metrum
781 975 840 1037 est,
871 985 929 1046 quo
953 969 1090 1042 majestas

56 1059 89 1110 et
109 1055 241 1128 pravitas
263 1050 474 1131 depinguntur.

150 1134 270 1196 Ordinis
298 1158 390 1196 causa
417 1135 524 1204 abhinc
554 1135 591 1196 de
614 1136 762 1214 dialogo
754 1149 796 1195 rta
818 1145 895 1195 tract
883 1137 1025 1208 tabimus,
1055 1146 1090 1194 ut

57 1241 141 1306 eum·
154 1231 185 1281 et
207 1242 224 1280 e
245 1232 391 1300 grammat
393 1224 438 1282 ica
460 1231 490 1282 ct
512 1243 529 1282 e
551 1224 675 1296 metrica
696 1231 782 1302 parte
804 1217 1035 1314 consideremus.

425 1489 537 1560 Oratio
564 1497 725 1581 applicito.

149 1603 192 1662 Et
213 1602 362 1681 extemplo
384 1621 530 1685 personae
553 1602 639 1660 nobis
653 1603 748 1679 magis
763 1604 959 1681 propinquae,
983 1603 1090 1680 magis-

58 1709 124 1772 que
146 1689 305 1754 familiares
328 1698 498 1748 oocurrunt.
543 1688 646 1750 sermo
669 1688 843 1760 animosior,
871 1690 986 1750 formae
1007 1688 1091 1747 flexi-

56 1776 191 1836 biliores
206 1782 289 1846 sunt,
318 1775 416 1834 omnia
438 1773 567 1852 pectoris
598 1772 715 1834 occulta
736 1775 896 1852 patefiunt,
925 1776 1092 1836 sententiae

58 1871 96 1921 ut
118 1861 264 1921 scintillae
292 1859 648 1928 collidendorelioiuntur.
694 1856 806 1921 Omnes
828 1880 876 1927 res
897 1862 982 1931 illae,
1012 1881 1092 1941 quac

60 1957 208 2027 tanquam
236 1947 342 2016 limites
371 1945 452 2024 apud
480 1945 665 2024 Aeschylum
693 1963 812 2004 versum
840 1967 859 2008 ιι
885 1967 990 2018 versu,
1025 1967 1091 2026 per·

59 2051 168 2094 sonam
190 2053 209 2092 a
229 2052 359 2111 persona
380 2031 601 2110 disjungebant,
623 2032 671 2090 hio
689 2031 754 2108 jam
768 2051 915 2103 corruere,
939 2051 1091 2093 sormones

61 2119 177 2180 alterni.
193 2121 272 2178 inter
294 2138 326 2178 se
349 2119 506 2197 applicari,
537 2118 612 2178 alios
634 2115 673 2177 ad
696 2116 785 2191 alium
806 2119 924 2190 referri,
949 2120 1092 2178 orationis

60 2214 167 2286 partes
189 2205 316 2264 invicem
337 2205 474 2275 mutuari,
496 2212 587 2282 prout
609 2211 700 2282 poeta
722 2204 935 2277 cavillationes,
959 2213 1092 2266 oontem-

59 2302 137 2364 tum,
160 2311 299 2362 amorem,
314 2289 453 2350 fiduciam
466 2289 533 2350 vult
547 2309 700 2369 expresse.
738 2289 935 2372 Nihilominus
950 2293 1093 2370 reperies,

60 2377 233 2440 ubilverbs
252 2377 389 2438 velutin
411 2377 473 2436 acic
496 2378 594 2455 posita
616 2384 739 2436 utantur
760 2379 882 2456 propria
911 2385 943 2436 st
964 2379 1094 2470 abrupto

62 2463 318 2534 conformatione,
353 2461 435 2542 quod
467 2463 532 2525 fieri
565 2463 656 2554 solet,
690 2483 757 2528 cum
789 2461 953 2542 loquuntur
982 2457 1092 2533 odium,
1117 2477 1121 2484 '

59 2548 230 2620 iracundia,
256 2551 373 2646 jussus,
402 2547 617 2608 contumacia
648 2548 691 2606 Et
715 2548 767 2606 illa
796 2548 915 2626 quidem
943 2549 1095 2628 applicato

61 2635 115 2695 vel
139 2623 319 2736 συιαιιτιιιὴ
350 2653 441 2714 quam
466 2634 555 2697 liccat
577 2653 685 2694 uocare
713 2641 808 2692 oratio
830 2632 1006 2714 plerumque
1030 2634 1093 2693 ofli-

61 2722 143 2782 citur
163 2721 340 2824 participiis,
370 2721 526 2778 structuris
554 2719 771 2819 pendentibus,
801 2719 948 2791 relativis,
978 2719 1093 2780 voculis

63 2798 168 2882 ἄλλά,
194 2797 271 2885 γάρ,
301 2800 345 2880 εἰ,
374 2793 467 2877 ὅταν,
496 2821 555 2882 ιιις,
580 2795 676 2880 sicce,
708 2823 785 2884 quae
808 2805 907 2864 omnia
929 2814 991 2866 tam
1012 2807 1094 2866 miris

63 2891 300 2972 subtilibusque
312 2891 461 2950 coloribus
490 2901 560 2950 sunt
588 2892 719 2964 variata,
756 2899 791 2950 ut
818 2901 968 2952 nostrates
996 2902 1094 2952 traus-

61 2979 180 3038 laturos
218 2977 255 3036 de
293 2980 397 3037 eorum
433 2977 523 3056 pleno
568 2993 658 3036 sensu
703 2978 895 3102 ιιιῙιιίιιιιιιιιΙο
934 2979 1114 3094 desperare,

65 3071 256 3144 oporteat.

154 3150 332 3210 Consideres
364 3169 480 3210 meeum
511 3149 601 3208 velim
634 3151 766 3229 singulas
800 3169 848 3209 res
887 3152 1095 3228 grammatices

66 3237 119 3309 ita,
142 3244 177 3293 ut
199 3256 251 3295 eas
273 3256 290 3296 e
312 3238 442 3296 moribus
465 3242 495 3296 et
516 3236 615 3295 indole
636 3255 833 3314 personarum
856 3235 1008 3296 ducamus.
1067 3246 1071 3257 '

138 3471 166 3540 a)
183 3476 273 3528 Paene
290 3473 456 3540 subposuitet
467 3490 510 3528 mo
521 3475 591 3540 quod
602 3474 736 3540 Euripidis
748 3475 932 3526 auctoritatem
944 3475 996 3524 huo
1008 3473 1096 3535 attuli,

69 3574 152 3627 quom
174 3575 264 3617 omnes
286 3560 351 3612 artis
374 3575 438 3612 suso
455 3561 552 3615 tormer
570 3563 627 3617 sinc
644 3561 700 3612 ullo
716 3561 819 3633 ratione
836 3561 987 3614 contundat.
1023 3559 1094 3623 Usps
1121 3591 1125 3598 ⁴

66 3648 116 3700 ille
132 3648 277 3699 tstrsmshi
294 3645 496 3718 trooh.,ut··est
512 3649 540 3698 in
556 3649 610 3699 ish.
629 3647 674 3698 Or.
693 3643 752 3709 ⁷29,
770 3649 845 3698 nobis
863 3647 1044 3713 putidissimus
1062 3659 1096 3698 sc

68 3734 126 3785 lero
144 3733 270 3784 ridiculus
288 3731 433 3795 videretur,
455 3732 507 3784 nisi
528 3735 595 3786 forte
611 3733 718 3784 fortuus
735 3735 861 3784 sciremus
879 3733 952 3784 illam
970 3730 1093 3781 Orestem

67 3819 176 3872 tsbulso
193 3818 428 3886 satyrione-locum
443 3821 597 3872 obtinuisse.
624 3820 691 3872 Item
702 3819 838 3872 comoedis
849 3819 900 3870 hoo
911 3832 990 3872 rsrsu
1002 3818 1096 3880 utimr,

68 3909 101 3958 ιιι
117 3905 223 3975 ingenio
241 3905 298 3972 ejus
315 3906 446 3960 contrario
462 3905 522 3972 plus
539 3906 609 3961 risus
632 3904 737 3961 effioist
