2530 4444
52 423 115 487 tien
136 443 202 486 una
223 422 270 485 ire
293 443 331 486 ac
354 419 426 486 sind
440 421 643 488 dissensione
668 405 763 487 simul
781 445 878 510 agere
895 423 1072 507 videamus,
1144 413 1153 431 ²

50 535 169 600 nedum
180 543 217 600 nt
227 533 400 622 disciplina
412 556 510 620 quam
522 557 582 600 nos
596 535 732 600 dicimus
749 535 961 601 aestheticam
974 536 1072 623 (proh

50 669 168 713 nomen
190 647 366 714 infaustum
382 670 420 711 ac
436 646 518 712 male
533 649 724 731 famosuml)
748 669 916 714 numerum
932 649 1073 735 aliquem

50 770 83 826 et
113 759 271 824 honorem
304 781 449 844 unquam
484 759 628 845 potnerit
659 759 844 846 impetrare.
895 760 937 825 Id
964 771 1071 827 antem

49 872 252 950 verissimum
277 871 405 936 critices
429 893 544 936 munus
568 893 639 936 esse
663 871 741 935 mihi
764 871 904 956 videtur,
934 881 971 937 ut
991 897 1071 961 poe-

48 995 113 1050 tam
130 983 234 1071 ipsius
250 1005 402 1048 mensura
417 983 587 1048 metiamur
603 991 699 1069 atque
715 985 837 1069 eornm,
861 1007 944 1070 quae
958 994 1070 1052 nestro

48 1096 158 1164 sensui
180 1095 378 1182 discrepant,
401 1095 651 1183 explicationem
674 1120 714 1162 ex
735 1096 809 1184 ipso
832 1075 930 1184 polita
952 1098 1069 1185 depro-

47 1231 135 1274 mere
166 1207 315 1278 sciamns.
360 1208 476 1294 Itaque
506 1207 539 1271 in
566 1208 622 1290 iis,
651 1230 734 1293 quac
763 1217 959 1294 sequnntur,
991 1211 1071 1274 nihil
1128 1237 1132 1250 ·

48 1322 212 1408 antiquius
235 1345 286 1386 me
301 1320 455 1387 habuisse
471 1321 628 1408 reperies²
650 1343 746 1406 qnam
763 1331 799 1385 ut
813 1322 971 1387 munirem
986 1319 1070 1408 quae

49 1435 233 1517 traduntur,
265 1433 376 1520 quoad
410 1456 490 1500 sana
523 1456 597 1499 cum
625 1434 751 1498 ratione
779 1433 897 1498 muniri
923 1443 1070 1520 possent,

49 1556 144 1634 atque
175 1569 258 1632 qnae
283 1544 460 1632 Sophoclis
488 1555 564 1612 sunt
591 1545 708 1630 solius3
731 1568 779 1610 ⁴en
808 1545 878 1611 solo
903 1545 1068 1633 Sophocle

46 1660 188 1726 enodare
210 1681 357 1726 conarer.

130 1771 271 1836 Tantum
299 1769 430 1857 quidem
460 1771 568 1854 abest,
599 1779 635 1835 nt
661 1772 866 1858 propesitum
888 1795 996 1836 meum
1018 1796 1069 1838 me
1157 1788 1160 1794 '

44 1894 239 1952 assecutum·
256 1893 382 1971 putem,
411 1894 447 1950 ut
468 1885 596 1950 interim
623 1885 711 1970 ligna
733 1884 890 1950 duntaxat
911 1885 1068 1969 quaedam

44 1996 175 2084 singula
198 1996 397 2062 aedificatori
419 1998 486 2062 fani
508 1999 609 2064 totius
631 1999 739 2062 futuro
761 1995 913 2062 dedolare
929 1997 1067 2064 fortasse

42 2109 218 2180 valuerim:
247 2109 306 2175 sed
334 2109 362 2173 si
392 2109 465 2195 quis
493 2110 540 2174 rei
569 2109 759 2196 conspectui
788 2133 825 2174 ao
855 2110 973 2174 rationi
995 2111 1067 2174 uni-

43 2244 172 2306 versae,
194 2211 378 2307 qualemin
402 2223 508 2310 potitis
530 2220 709 2288 tractandis
733 2231 864 2288 secutus
882 2223 953 2306 sim,
976 2245 1065 2288 eom-

42 2334 248 2423 prohationis
271 2335 393 2421 aliquid
417 2357 482 2400 non
505 2335 725 2422 denegaverit„
749 2357 811 2422 ego
829 2335 862 2398 in
877 2333 940 2399 hoe
956 2334 1066 2400 libello

43 2469 179 2535 operam
201 2469 267 2511 non
288 2447 451 2534 perditam
474 2457 589 2536 potero
612 2424 771 2528 arbitrari.
995 2479 1006 2504 s
1065 2453 1069 2464 ’

130 2558 171 2624 In
205 2560 348 2626 numeris
381 2581 534 2628 versuum
568 2559 792 2668 adscribendis
824 2559 1067 2669 Schneidewipi

42 2672 221 2738 editionem
243 2695 371 2758 sequar.
