<?xml version="1.0" encoding="UTF-8"?>
<!DOCTYPE html PUBLIC "-//W3C//DTD XHTML 1.0 Transitional//EN"
    "http://www.w3.org/TR/xhtml1/DTD/xhtml1-transitional.dtd">
<html xmlns="http://www.w3.org/1999/xhtml" xml:lang="en" lang="en">
 <head>
  <title>
</title>
<meta http-equiv="Content-Type" content="text/html;charset=utf-8" />
  <meta name='ocr-system' content='tesseract 3.04.00' />
  <meta name='ocr-capabilities' content='ocr_page ocr_carea ocr_par ocr_line ocrx_word'/>
</head>
<body>
  <div class='ocr_page' id='page_1' title='image "./cothurnussophoc00lindgoog_0032.png"; bbox 0 0 2530 4444; ppageno 0'>
   <div class='ocr_carea' id='block_1_1' title="bbox 449 259 779 323">
    <p class='ocr_par' dir='ltr' id='par_1_1' title="bbox 449 259 779 323">
     <span class='ocr_line' id='line_1_1' title="bbox 449 259 779 323; baseline -0.012 1"><span class='ocrx_word' id='word_1_1' title='bbox 449 259 779 323; x_wconf 48' lang='lat'><strong>1-13-‘</strong></span> 
     </span>
    </p>
   </div>
   <div class='ocr_carea' id='block_1_2' title="bbox 279 467 850 670">
    <p class='ocr_par' dir='ltr' id='par_1_2' title="bbox 279 467 850 670">
     <span class='ocr_line' id='line_1_2' title="bbox 412 467 619 546; baseline 0.019 -17"><span class='ocrx_word' id='word_1_2' title='bbox 412 479 418 496; x_wconf 90' lang='lat'><strong><em>‘</em></strong></span> <span class='ocrx_word' id='word_1_3' title='bbox 513 467 543 546; x_wconf 67' lang='grc' dir='ltr'><strong>ξ.</strong></span> <span class='ocrx_word' id='word_1_4' title='bbox 568 469 619 532; x_wconf 80' lang='grc'><strong>17.</strong></span> 
     </span>
     <span class='ocr_line' id='line_1_3' title="bbox 279 588 850 670; baseline -0.004 -18"><span class='ocrx_word' id='word_1_5' title='bbox 279 589 490 654; x_wconf 79' lang='lat' dir='ltr'><strong>Gradotiooea</strong></span> <span class='ocrx_word' id='word_1_6' title='bbox 513 590 594 652; x_wconf 80' lang='lat' dir='ltr'><strong>inter</strong></span> <span class='ocrx_word' id='word_1_7' title='bbox 617 595 680 650; x_wconf 81' lang='lat' dir='ltr'><strong>tres</strong></span> <span class='ocrx_word' id='word_1_8' title='bbox 703 588 850 670; x_wconf 77' lang='lat' dir='ltr'><strong>tropicos.</strong></span> 
     </span>
    </p>
   </div>
   <div class='ocr_carea' id='block_1_3' title="bbox 54 709 1158 3532">
    <p class='ocr_par' dir='ltr' id='par_1_3' title="bbox 58 709 1080 1398">
     <span class='ocr_line' id='line_1_4' title="bbox 141 709 1079 792; baseline 0 -21"><span class='ocrx_word' id='word_1_9' title='bbox 141 711 295 772; x_wconf 76' lang='lat' dir='ltr'><strong>Corollarii</strong></span> <span class='ocrx_word' id='word_1_10' title='bbox 316 713 412 771; x_wconf 82' lang='lat' dir='ltr'><strong>instar</strong></span> <span class='ocrx_word' id='word_1_11' title='bbox 433 709 801 792; x_wconf 45' lang='lat' dir='ltr'><strong>quasdamvgradationes,</strong></span> <span class='ocrx_word' id='word_1_12' title='bbox 825 710 933 790; x_wconf 90' lang='lat' dir='ltr'><strong>quihus</strong></span> <span class='ocrx_word' id='word_1_13' title='bbox 954 714 1032 770; x_wconf 91' lang='lat' dir='ltr'><strong>inter</strong></span> <span class='ocrx_word' id='word_1_14' title='bbox 1046 731 1079 771; x_wconf 89' lang='lat' dir='ltr'><strong>se</strong></span> 
     </span>
     <span class='ocr_line' id='line_1_5' title="bbox 64 795 1079 898; baseline 0.002 -42"><span class='ocrx_word' id='word_1_15' title='bbox 64 806 117 858; x_wconf 83' lang='lat' dir='ltr'><strong>tres</strong></span> <span class='ocrx_word' id='word_1_16' title='bbox 144 799 248 876; x_wconf 85' lang='lat' dir='ltr'><strong>tragici</strong></span> <span class='ocrx_word' id='word_1_17' title='bbox 276 797 403 872; x_wconf 84' lang='lat' dir='ltr'><strong>distent,</strong></span> <span class='ocrx_word' id='word_1_18' title='bbox 433 817 596 898; x_wconf 73' lang='lat' dir='ltr'>congerere</span> <span class='ocrx_word' id='word_1_19' title='bbox 617 796 715 856; x_wconf 85' lang='lat' dir='ltr'><strong>liceat.</strong></span> <span class='ocrx_word' id='word_1_20' title='bbox 761 795 846 869; x_wconf 75' lang='lat' dir='ltr'><strong>Quas</strong></span> <span class='ocrx_word' id='word_1_21' title='bbox 867 797 905 856; x_wconf 89' lang='lat' dir='ltr'><strong>ad</strong></span> <span class='ocrx_word' id='word_1_22' title='bbox 926 797 1079 858; x_wconf 82' lang='lat' dir='ltr'><strong>faciendus</strong></span> 
     </span>
     <span class='ocr_line' id='line_1_6' title="bbox 64 881 1080 964; baseline 0.002 -22"><span class='ocrx_word' id='word_1_23' title='bbox 64 903 94 942; x_wconf 91' lang='lat' dir='ltr'><strong>eo</strong></span> <span class='ocrx_word' id='word_1_24' title='bbox 114 883 226 945; x_wconf 76' lang='lat' dir='ltr'>facilius</span> <span class='ocrx_word' id='word_1_25' title='bbox 248 883 407 956; x_wconf 71' lang='lat' dir='ltr'><strong>allicimur,</strong></span> <span class='ocrx_word' id='word_1_26' title='bbox 437 891 496 964; x_wconf 85' lang='lat' dir='ltr'><strong>quo</strong></span> <span class='ocrx_word' id='word_1_27' title='bbox 518 884 613 961; x_wconf 79' lang='lat' dir='ltr'><strong>magis</strong></span> <span class='ocrx_word' id='word_1_28' title='bbox 636 902 753 944; x_wconf 88' lang='lat' dir='ltr'><strong>omnem</strong></span> <span class='ocrx_word' id='word_1_29' title='bbox 774 902 874 944; x_wconf 87' lang='lat' dir='ltr'><strong>rerum</strong></span> <span class='ocrx_word' id='word_1_30' title='bbox 896 881 1080 944; x_wconf 80' lang='lat' dir='ltr'><strong>Graecarum</strong></span> 
     </span>
     <span class='ocr_line' id='line_1_7' title="bbox 60 970 1080 1114; baseline -0.001 -85.999"><span class='ocrx_word' id='word_1_31' title='bbox 60 989 244 1114; x_wconf 85' lang='lat' dir='ltr'><strong>progressum</strong></span> <span class='ocrx_word' id='word_1_32' title='bbox 271 979 332 1030; x_wconf 84' lang='lat' dir='ltr'><strong>taur</strong></span> <span class='ocrx_word' id='word_1_33' title='bbox 361 970 417 1030; x_wconf 91' lang='lat' dir='ltr'><strong>sihi</strong></span> <span class='ocrx_word' id='word_1_34' title='bbox 444 977 617 1030; x_wconf 79' lang='lat' dir='ltr'><strong>constanter</strong></span> <span class='ocrx_word' id='word_1_35' title='bbox 643 988 688 1031; x_wconf 87' lang='lat' dir='ltr'><strong>ac</strong></span> <span class='ocrx_word' id='word_1_36' title='bbox 706 978 833 1029; x_wconf 86' lang='lat' dir='ltr'><strong>naturae</strong></span> <span class='ocrx_word' id='word_1_37' title='bbox 866 970 1080 1029; x_wconf 83' lang='lat' dir='ltr'><strong>convenienter</strong></span> 
     </span>
     <span class='ocr_line' id='line_1_8' title="bbox 60 1045 1078 1154; baseline 0.001 -40.011"><span class='ocrx_word' id='word_1_38' title='bbox 60 1056 164 1116; x_wconf 83' lang='lat' dir='ltr'><strong>facturn</strong></span> <span class='ocrx_word' id='word_1_39' title='bbox 193 1056 338 1118; x_wconf 81' lang='lat' dir='ltr'><strong>ridemus.</strong></span> <span class='ocrx_word' id='word_1_40' title='bbox 382 1055 419 1116; x_wconf 90' lang='lat' dir='ltr'><strong>Id</strong></span> <span class='ocrx_word' id='word_1_41' title='bbox 449 1045 606 1136; x_wconf 83' lang='lat' dir='ltr'><strong>quidem</strong></span> <span class='ocrx_word' id='word_1_42' title='bbox 592 1075 656 1132; x_wconf 79' lang='lat' dir='ltr'><strong>‚pam</strong></span> <span class='ocrx_word' id='word_1_43' title='bbox 677 1055 736 1114; x_wconf 93' lang='lat' dir='ltr'><strong>Dio</strong></span> <span class='ocrx_word' id='word_1_44' title='bbox 759 1053 868 1134; x_wconf 80' lang='lat' dir='ltr'>Chrys</span> <span class='ocrx_word' id='word_1_45' title='bbox 882 1055 1000 1154; x_wconf 87' lang='lat' dir='ltr'><strong>aliique</strong></span> <span class='ocrx_word' id='word_1_46' title='bbox 1027 1075 1078 1116; x_wconf 88' lang='lat' dir='ltr'><strong>ve·</strong></span> 
     </span>
     <span class='ocr_line' id='line_1_9' title="bbox 60 1127 1080 1242; baseline 0.002 -42"><span class='ocrx_word' id='word_1_47' title='bbox 60 1149 132 1202; x_wconf 82' lang='lat' dir='ltr'><strong>teres</strong></span> <span class='ocrx_word' id='word_1_48' title='bbox 153 1142 300 1212; x_wconf 87' lang='lat' dir='ltr'><strong>fecerunt</strong></span> <span class='ocrx_word' id='word_1_49' title='bbox 323 1141 391 1204; x_wconf 92' lang='lat' dir='ltr'><strong>stilo</strong></span> <span class='ocrx_word' id='word_1_50' title='bbox 400 1127 580 1242; x_wconf 71' lang='lat' dir='ltr'><strong>Aeschyleo</strong></span> <span class='ocrx_word' id='word_1_51' title='bbox 603 1141 768 1202; x_wconf 82' lang='lat' dir='ltr'><strong>tribuentes</strong></span> <span class='ocrx_word' id='word_1_52' title='bbox 791 1159 839 1201; x_wconf 83' lang='lat' dir='ltr'><strong>co</strong></span> <span class='ocrx_word' id='word_1_53' title='bbox 851 1131 1001 1209; x_wconf 68' lang='lat' dir='ltr'><strong>cri-iudeis</strong></span> <span class='ocrx_word' id='word_1_54' title='bbox 1022 1139 1080 1202; x_wconf 76' lang='grc' dir='ltr'><strong>καὶ</strong></span> 
     </span>
     <span class='ocr_line' id='line_1_10' title="bbox 61 1215 1078 1332; baseline 0 -44"><span class='ocrx_word' id='word_1_55' title='bbox 61 1215 199 1304; x_wconf 77' lang='grc' dir='ltr'><em>ἁπλοῦν,</em></span> <span class='ocrx_word' id='word_1_56' title='bbox 214 1226 385 1325; x_wconf 85' lang='lat' dir='ltr'><strong>Euripideo</strong></span> <span class='ocrx_word' id='word_1_57' title='bbox 409 1217 445 1290; x_wconf 80' lang='lat' dir='ltr'><strong>cd</strong></span> <span class='ocrx_word' id='word_1_58' title='bbox 471 1216 604 1332; x_wconf 52' lang='grc' dir='ltr'>ἀκριβὲς</span> <span class='ocrx_word' id='word_1_59' title='bbox 625 1219 680 1286; x_wconf 80' lang='grc' dir='ltr'><strong>καὶ</strong></span> <span class='ocrx_word' id='word_1_60' title='bbox 703 1216 816 1327; x_wconf 79' lang='grc' dir='ltr'>δριμι)</span> <span class='ocrx_word' id='word_1_61' title='bbox 825 1220 880 1288; x_wconf 77' lang='grc' dir='ltr'><strong>καὶ</strong></span> <span class='ocrx_word' id='word_1_62' title='bbox 899 1223 1078 1310; x_wconf 74' lang='grc' dir='ltr'>πολιτικόν,</span> 
     </span>
     <span class='ocr_line' id='line_1_11' title="bbox 58 1302 913 1398; baseline 0 -26"><span class='ocrx_word' id='word_1_63' title='bbox 58 1309 217 1392; x_wconf 84' lang='lat' dir='ltr'><strong>Sophocleo</strong></span> <span class='ocrx_word' id='word_1_64' title='bbox 240 1302 448 1392; x_wconf 75' lang='grc' dir='ltr'>εὐπρέπειαν</span> <span class='ocrx_word' id='word_1_65' title='bbox 469 1311 527 1374; x_wconf 80' lang='grc' dir='ltr'><strong>και</strong></span> <span class='ocrx_word' id='word_1_66' title='bbox 547 1303 668 1394; x_wconf 69' lang='grc' dir='ltr'><strong><em>ἡδονὴν</em></strong></span> <span class='ocrx_word' id='word_1_67' title='bbox 688 1303 773 1390; x_wconf 80' lang='grc' dir='ltr'><em>μετὰ</em></span> <span class='ocrx_word' id='word_1_68' title='bbox 796 1303 913 1398; x_wconf 77' lang='grc' dir='ltr'><em>ὕψους.</em></span> 
     </span>
    </p>

    <p class='ocr_par' dir='ltr' id='par_1_4' title="bbox 57 1397 1079 1564">
     <span class='ocr_line' id='line_1_12' title="bbox 136 1397 1079 1478; baseline -0.001 -18"><span class='ocrx_word' id='word_1_69' title='bbox 136 1399 321 1476; x_wconf 79' lang='lat' dir='ltr'><strong>Schlegelius</strong></span> <span class='ocrx_word' id='word_1_70' title='bbox 335 1399 481 1478; x_wconf 76' lang='lat' dir='ltr'><strong>Aeschyli</strong></span> <span class='ocrx_word' id='word_1_71' title='bbox 503 1399 663 1460; x_wconf 90' lang='lat' dir='ltr'><strong>dictionem</strong></span> <span class='ocrx_word' id='word_1_72' title='bbox 685 1397 761 1458; x_wconf 82' lang='lat' dir='ltr'><strong>dixit</strong></span> <span class='ocrx_word' id='word_1_73' title='bbox 782 1399 899 1471; x_wconf 85' lang='lat' dir='ltr'><strong>elatam,</strong></span> <span class='ocrx_word' id='word_1_74' title='bbox 923 1399 1079 1478; x_wconf 82' lang='lat' dir='ltr'><strong>Sophoclis</strong></span> 
     </span>
     <span class='ocr_line' id='line_1_13' title="bbox 57 1484 548 1564; baseline 0 -20"><span class='ocrx_word' id='word_1_75' title='bbox 57 1484 213 1562; x_wconf 82' lang='lat' dir='ltr'><strong>pulchram,</strong></span> <span class='ocrx_word' id='word_1_76' title='bbox 235 1484 389 1563; x_wconf 80' lang='lat' dir='ltr'><strong>Euripidis</strong></span> <span class='ocrx_word' id='word_1_77' title='bbox 410 1484 548 1564; x_wconf 89' lang='lat' dir='ltr'><strong>lepidam.</strong></span> 
     </span>
    </p>

    <p class='ocr_par' dir='ltr' id='par_1_5' title="bbox 58 1569 1079 1808">
     <span class='ocr_line' id='line_1_14' title="bbox 136 1569 1079 1650; baseline 0 -20"><span class='ocrx_word' id='word_1_78' title='bbox 136 1569 342 1648; x_wconf 79' lang='lat' dir='ltr'><strong>Cogitationes</strong></span> <span class='ocrx_word' id='word_1_79' title='bbox 364 1579 395 1630; x_wconf 92' lang='lat' dir='ltr'><strong>et</strong></span> <span class='ocrx_word' id='word_1_80' title='bbox 416 1590 523 1630; x_wconf 85' lang='lat' dir='ltr'><strong>versus</strong></span> <span class='ocrx_word' id='word_1_81' title='bbox 545 1570 691 1650; x_wconf 84' lang='lat' dir='ltr'><strong>Aeschyli</strong></span> <span class='ocrx_word' id='word_1_82' title='bbox 713 1591 781 1632; x_wconf 87' lang='lat' dir='ltr'><strong>oum</strong></span> <span class='ocrx_word' id='word_1_83' title='bbox 803 1569 1001 1630; x_wconf 86' lang='lat' dir='ltr'><strong>architectura</strong></span> <span class='ocrx_word' id='word_1_84' title='bbox 1015 1571 1079 1630; x_wconf 91' lang='lat' dir='ltr'><strong>Do·</strong></span> 
     </span>
     <span class='ocr_line' id='line_1_15' title="bbox 59 1653 1079 1736; baseline 0.002 -22"><span class='ocrx_word' id='word_1_85' title='bbox 59 1657 126 1728; x_wconf 81' lang='grc' dir='ltr'>ιιιιι,</span> <span class='ocrx_word' id='word_1_86' title='bbox 149 1653 307 1736; x_wconf 77' lang='lat' dir='ltr'><strong>Sophoclis</strong></span> <span class='ocrx_word' id='word_1_87' title='bbox 330 1676 396 1716; x_wconf 90' lang='lat' dir='ltr'><strong>cum</strong></span> <span class='ocrx_word' id='word_1_88' title='bbox 417 1655 540 1729; x_wconf 85' lang='lat' dir='ltr'><strong>Jonica,</strong></span> <span class='ocrx_word' id='word_1_89' title='bbox 568 1655 721 1735; x_wconf 76' lang='lat' dir='ltr'><strong>Euripidis</strong></span> <span class='ocrx_word' id='word_1_90' title='bbox 744 1677 811 1716; x_wconf 90' lang='lat' dir='ltr'><strong>cum</strong></span> <span class='ocrx_word' id='word_1_91' title='bbox 833 1655 988 1726; x_wconf 65' lang='lat' dir='ltr'><strong>Corinthia</strong></span> <span class='ocrx_word' id='word_1_92' title='bbox 1009 1665 1079 1716; x_wconf 81' lang='lat' dir='ltr'><strong>con-</strong></span> 
     </span>
     <span class='ocr_line' id='line_1_16' title="bbox 58 1742 175 1808; baseline -0.026 -2"><span class='ocrx_word' id='word_1_93' title='bbox 58 1742 175 1808; x_wconf 74' lang='lat' dir='ltr'><strong>tulerim.</strong></span> 
     </span>
    </p>

    <p class='ocr_par' dir='ltr' id='par_1_6' title="bbox 56 1827 1085 2252">
     <span class='ocr_line' id='line_1_17' title="bbox 92 1827 1078 1928; baseline -0.003 -36.858"><span class='ocrx_word' id='word_1_94' title='bbox 92 1828 305 1891; x_wconf 84' lang='lat' dir='ltr'><strong>Archaismi</strong></span> <span class='ocrx_word' id='word_1_95' title='bbox 325 1827 406 1908; x_wconf 84' lang='lat' dir='ltr'><strong>apud</strong></span> <span class='ocrx_word' id='word_1_96' title='bbox 420 1827 627 1928; x_wconf 80' lang='lat' dir='ltr'><strong>Aeschylum</strong></span> <span class='ocrx_word' id='word_1_97' title='bbox 617 1828 772 1888; x_wconf 76' lang='lat' dir='ltr'><strong>naturales</strong></span> <span class='ocrx_word' id='word_1_98' title='bbox 787 1838 865 1900; x_wconf 88' lang='lat' dir='ltr'><strong>sunt</strong></span> <span class='ocrx_word' id='word_1_99' title='bbox 888 1829 960 1908; x_wconf 85' lang='lat' dir='ltr'><strong>quia</strong></span> <span class='ocrx_word' id='word_1_100' title='bbox 973 1830 1078 1892; x_wconf 84' lang='lat' dir='ltr'><strong>nativi.</strong></span> 
     </span>
     <span class='ocr_line' id='line_1_18' title="bbox 59 1877 1078 1994; baseline 0 -20"><span class='ocrx_word' id='word_1_101' title='bbox 59 1877 217 1994; x_wconf 85' lang='lat' dir='ltr'><strong>Sophocles</strong></span> <span class='ocrx_word' id='word_1_102' title='bbox 239 1934 313 1974; x_wconf 83' lang='lat' dir='ltr'><strong>sana</strong></span> <span class='ocrx_word' id='word_1_103' title='bbox 335 1933 403 1976; x_wconf 87' lang='lat' dir='ltr'><strong>cum</strong></span> <span class='ocrx_word' id='word_1_104' title='bbox 424 1914 549 1985; x_wconf 75' lang='lat' dir='ltr'><strong>ratione,</strong></span> <span class='ocrx_word' id='word_1_105' title='bbox 558 1907 732 1993; x_wconf 82' lang='lat' dir='ltr'><strong>Euripides</strong></span> <span class='ocrx_word' id='word_1_106' title='bbox 754 1933 850 1992; x_wconf 89' lang='lat' dir='ltr'><strong>paene</strong></span> <span class='ocrx_word' id='word_1_107' title='bbox 868 1915 964 1974; x_wconf 86' lang='lat' dir='ltr'><strong>solum</strong></span> <span class='ocrx_word' id='word_1_108' title='bbox 979 1922 1078 1974; x_wconf 87' lang='lat' dir='ltr'><strong>osten</strong></span> 
     </span>
     <span class='ocr_line' id='line_1_19' title="bbox 57 1999 1079 2078; baseline 0 -19"><span class='ocrx_word' id='word_1_109' title='bbox 57 2001 169 2060; x_wconf 87' lang='lat' dir='ltr'><strong>tationis</strong></span> <span class='ocrx_word' id='word_1_110' title='bbox 198 2003 293 2063; x_wconf 76' lang='lat' dir='ltr'><strong>ceusu</strong></span> <span class='ocrx_word' id='word_1_111' title='bbox 317 2001 352 2060; x_wconf 90' lang='lat' dir='ltr'><strong>iis</strong></span> <span class='ocrx_word' id='word_1_112' title='bbox 379 2001 482 2060; x_wconf 85' lang='lat' dir='ltr'><strong>utitur.</strong></span> <span class='ocrx_word' id='word_1_113' title='bbox 528 1999 645 2060; x_wconf 81' lang='lat' dir='ltr'><strong>Chorus</strong></span> <span class='ocrx_word' id='word_1_114' title='bbox 665 1999 854 2078; x_wconf 82' lang='lat' dir='ltr'><strong>Aeschyleus</strong></span> <span class='ocrx_word' id='word_1_115' title='bbox 884 2019 951 2060; x_wconf 88' lang='lat' dir='ltr'><strong>cum</strong></span> <span class='ocrx_word' id='word_1_116' title='bbox 976 1999 1079 2060; x_wconf 82' lang='lat' dir='ltr'><strong>fabula</strong></span> 
     </span>
     <span class='ocr_line' id='line_1_20' title="bbox 60 2082 1085 2172; baseline 0.002 -28"><span class='ocrx_word' id='word_1_117' title='bbox 60 2085 194 2172; x_wconf 83' lang='lat' dir='ltr'><strong>cohaeret</strong></span> <span class='ocrx_word' id='word_1_118' title='bbox 216 2085 343 2164; x_wconf 85' lang='lat' dir='ltr'><strong>agendo,</strong></span> <span class='ocrx_word' id='word_1_119' title='bbox 366 2082 551 2166; x_wconf 85' lang='lat' dir='ltr'><strong>Sophocleus</strong></span> <span class='ocrx_word' id='word_1_120' title='bbox 568 2085 798 2157; x_wconf 82' lang='lat' dir='ltr'><strong>considersud03</strong></span> <span class='ocrx_word' id='word_1_121' title='bbox 821 2084 1011 2165; x_wconf 86' lang='lat' dir='ltr'><strong>Euripideus</strong></span> <span class='ocrx_word' id='word_1_122' title='bbox 1017 2105 1085 2146; x_wconf 50' lang='lat' dir='ltr'><strong>nou*</strong></span> 
     </span>
     <span class='ocr_line' id='line_1_21' title="bbox 56 2165 811 2252; baseline 0.004 -22"><span class='ocrx_word' id='word_1_123' title='bbox 56 2165 106 2232; x_wconf 86' lang='lat' dir='ltr'><strong>nisi</strong></span> <span class='ocrx_word' id='word_1_124' title='bbox 125 2191 275 2252; x_wconf 81' lang='lat' dir='ltr'><strong>parergon</strong></span> <span class='ocrx_word' id='word_1_125' title='bbox 298 2179 345 2232; x_wconf 86' lang='lat' dir='ltr'><strong>cst</strong></span> <span class='ocrx_word' id='word_1_126' title='bbox 367 2181 407 2238; x_wconf 93' lang='lat' dir='ltr'><strong>et</strong></span> <span class='ocrx_word' id='word_1_127' title='bbox 419 2180 626 2234; x_wconf 74' lang='lat' dir='ltr'><strong>ornamentum</strong></span> <span class='ocrx_word' id='word_1_128' title='bbox 648 2173 811 2233; x_wconf 78' lang='lat' dir='ltr'><strong>fortuitum</strong></span> 
     </span>
    </p>

    <p class='ocr_par' dir='ltr' id='par_1_7' title="bbox 56 2256 1079 2596">
     <span class='ocr_line' id='line_1_22' title="bbox 135 2256 1077 2338; baseline 0.001 -20"><span class='ocrx_word' id='word_1_129' title='bbox 135 2259 246 2319; x_wconf 79' lang='lat' dir='ltr'><strong>Fatum</strong></span> <span class='ocrx_word' id='word_1_130' title='bbox 271 2266 306 2317; x_wconf 90' lang='lat' dir='ltr'><strong>ut</strong></span> <span class='ocrx_word' id='word_1_131' title='bbox 327 2277 437 2320; x_wconf 86' lang='lat' dir='ltr'><strong>numen</strong></span> <span class='ocrx_word' id='word_1_132' title='bbox 461 2256 612 2338; x_wconf 86' lang='lat' dir='ltr'><strong>quoddam</strong></span> <span class='ocrx_word' id='word_1_133' title='bbox 635 2257 767 2318; x_wconf 83' lang='lat' dir='ltr'><strong>exterius</strong></span> <span class='ocrx_word' id='word_1_134' title='bbox 789 2257 877 2318; x_wconf 86' lang='lat' dir='ltr'><strong>finxit</strong></span> <span class='ocrx_word' id='word_1_135' title='bbox 898 2258 1077 2338; x_wconf 81' lang='lat' dir='ltr'><strong>Aeschylus,</strong></span> 
     </span>
     <span class='ocr_line' id='line_1_23' title="bbox 56 2340 1079 2429; baseline 0.002 -27"><span class='ocrx_word' id='word_1_136' title='bbox 56 2341 87 2404; x_wconf 89' lang='lat' dir='ltr'><strong>de</strong></span> <span class='ocrx_word' id='word_1_137' title='bbox 110 2365 169 2426; x_wconf 84' lang='lat' dir='ltr'><strong>quc</strong></span> <span class='ocrx_word' id='word_1_138' title='bbox 193 2344 394 2429; x_wconf 84' lang='lat' dir='ltr'><strong>compopulo</strong></span> <span class='ocrx_word' id='word_1_139' title='bbox 417 2343 559 2407; x_wconf 85' lang='lat' dir='ltr'><strong>credebat</strong></span> <span class='ocrx_word' id='word_1_140' title='bbox 580 2345 728 2422; x_wconf 83' lang='lat' dir='ltr'><strong>religiose.</strong></span> <span class='ocrx_word' id='word_1_141' title='bbox 766 2340 929 2422; x_wconf 88' lang='lat' dir='ltr'><strong>Sophocles</strong></span> <span class='ocrx_word' id='word_1_142' title='bbox 954 2353 986 2404; x_wconf 91' lang='grc' dir='ltr'><strong>ιιι</strong></span> <span class='ocrx_word' id='word_1_143' title='bbox 1006 2364 1079 2424; x_wconf 90' lang='lat' dir='ltr'><strong>psy-</strong></span> 
     </span>
     <span class='ocr_line' id='line_1_24' title="bbox 57 2429 1077 2510; baseline 0.002 -22"><span class='ocrx_word' id='word_1_144' title='bbox 57 2429 134 2490; x_wconf 85' lang='lat' dir='ltr'><strong>chica</strong></span> <span class='ocrx_word' id='word_1_145' title='bbox 152 2431 271 2493; x_wconf 84' lang='lat' dir='ltr'><strong>ratione</strong></span> <span class='ocrx_word' id='word_1_146' title='bbox 293 2429 324 2490; x_wconf 91' lang='lat' dir='ltr'><strong>id</strong></span> <span class='ocrx_word' id='word_1_147' title='bbox 346 2429 529 2509; x_wconf 81' lang='lat' dir='ltr'><strong>explicemur</strong></span> <span class='ocrx_word' id='word_1_148' title='bbox 552 2429 663 2510; x_wconf 88' lang='lat' dir='ltr'><strong>ubique</strong></span> <span class='ocrx_word' id='word_1_149' title='bbox 685 2431 838 2508; x_wconf 89' lang='lat' dir='ltr'><strong>permittit.</strong></span> <span class='ocrx_word' id='word_1_150' title='bbox 875 2429 969 2508; x_wconf 89' lang='lat' dir='ltr'><strong>Apud</strong></span> <span class='ocrx_word' id='word_1_151' title='bbox 989 2431 1077 2490; x_wconf 88' lang='lat' dir='ltr'><strong>Euri-</strong></span> 
     </span>
     <span class='ocr_line' id='line_1_25' title="bbox 56 2514 1077 2596; baseline 0.004 -24"><span class='ocrx_word' id='word_1_152' title='bbox 56 2515 179 2592; x_wconf 90' lang='lat' dir='ltr'><strong>pidem</strong></span> <span class='ocrx_word' id='word_1_153' title='bbox 165 2535 231 2594; x_wconf 75' lang='lat' dir='ltr'><strong>pam</strong></span> <span class='ocrx_word' id='word_1_154' title='bbox 252 2517 371 2576; x_wconf 89' lang='lat' dir='ltr'><strong>nonnisi</strong></span> <span class='ocrx_word' id='word_1_155' title='bbox 392 2515 557 2580; x_wconf 82' lang='lat' dir='ltr'><strong>formidinis</strong></span> <span class='ocrx_word' id='word_1_156' title='bbox 574 2517 761 2596; x_wconf 83' lang='lat' dir='ltr'><strong>larvecque</strong></span> <span class='ocrx_word' id='word_1_157' title='bbox 752 2517 849 2576; x_wconf 77' lang='lat' dir='ltr'><strong>menis</strong></span> <span class='ocrx_word' id='word_1_158' title='bbox 863 2514 955 2576; x_wconf 87' lang='lat' dir='ltr'><strong>habet</strong></span> <span class='ocrx_word' id='word_1_159' title='bbox 968 2515 1077 2578; x_wconf 88' lang='lat' dir='ltr'><strong>locum.</strong></span> 
     </span>
    </p>

    <p class='ocr_par' dir='ltr' id='par_1_8' title="bbox 55 2599 1079 3005">
     <span class='ocr_line' id='line_1_26' title="bbox 134 2599 1076 2682; baseline -0.002 -20"><span class='ocrx_word' id='word_1_160' title='bbox 134 2601 277 2662; x_wconf 86' lang='lat' dir='ltr'><strong>Ceterum</strong></span> <span class='ocrx_word' id='word_1_161' title='bbox 305 2622 379 2661; x_wconf 85' lang='lat' dir='ltr'><strong>cave</strong></span> <span class='ocrx_word' id='word_1_162' title='bbox 401 2621 438 2661; x_wconf 87' lang='lat' dir='ltr'><strong>ue</strong></span> <span class='ocrx_word' id='word_1_163' title='bbox 461 2601 556 2661; x_wconf 87' lang='lat' dir='ltr'><strong>verba</strong></span> <span class='ocrx_word' id='word_1_164' title='bbox 577 2621 656 2682; x_wconf 84' lang='lat' dir='ltr'><strong>quae</strong></span> <span class='ocrx_word' id='word_1_165' title='bbox 679 2609 751 2660; x_wconf 83' lang='lat' dir='ltr'><strong>sunt</strong></span> <span class='ocrx_word' id='word_1_166' title='bbox 772 2599 853 2680; x_wconf 87' lang='lat' dir='ltr'><strong>apud</strong></span> <span class='ocrx_word' id='word_1_167' title='bbox 873 2600 966 2660; x_wconf 88' lang='lat' dir='ltr'><strong>Arist.</strong></span> <span class='ocrx_word' id='word_1_168' title='bbox 989 2600 1076 2661; x_wconf 89' lang='lat' dir='ltr'><strong>Post.</strong></span> 
     </span>
     <span class='ocr_line' id='line_1_27' title="bbox 56 2675 1077 2792; baseline 0.003 -49"><span class='ocrx_word' id='word_1_169' title='bbox 56 2687 105 2759; x_wconf 80' lang='lat'><strong>26,</strong></span> <span class='ocrx_word' id='word_1_170' title='bbox 128 2693 164 2750; x_wconf 90' lang='lat'><strong>11</strong></span> <span class='ocrx_word' id='word_1_171' title='bbox 190 2677 406 2792; x_wconf 58' lang='lat' dir='ltr'><strong>§opponitisn</strong></span> <span class='ocrx_word' id='word_1_172' title='bbox 386 2703 450 2791; x_wconf 69' lang='grc' dir='ltr'><strong>εφη</strong></span> <span class='ocrx_word' id='word_1_173' title='bbox 472 2675 575 2760; x_wconf 69' lang='lat' dir='ltr'><strong>coicis</strong></span> <span class='ocrx_word' id='word_1_174' title='bbox 596 2683 659 2764; x_wconf 82' lang='grc' dir='ltr'><strong>μὲν</strong></span> <span class='ocrx_word' id='word_1_175' title='bbox 680 2681 772 2754; x_wconf 72' lang='lat' dir='ltr'><strong>oiovs</strong></span> <span class='ocrx_word' id='word_1_176' title='bbox 795 2684 851 2747; x_wconf 81' lang='lat' dir='ltr'><strong>det</strong></span> <span class='ocrx_word' id='word_1_177' title='bbox 869 2690 990 2764; x_wconf 82' lang='grc' dir='ltr'>ποιειν,</span> <span class='ocrx_word' id='word_1_178' title='bbox 1013 2676 1077 2747; x_wconf 79' lang='lat' dir='ltr'><strong>Eri-</strong></span> 
     </span>
     <span class='ocr_line' id='line_1_28' title="bbox 56 2731 1076 2858; baseline 0.002 -26"><span class='ocrx_word' id='word_1_179' title='bbox 56 2731 180 2858; x_wconf 73' lang='lat' dir='ltr'><strong>ptric&#39;dpc</strong></span> <span class='ocrx_word' id='word_1_180' title='bbox 216 2773 253 2836; x_wconf 80' lang='grc' dir='ltr'><strong>δὲ</strong></span> <span class='ocrx_word' id='word_1_181' title='bbox 288 2759 359 2836; x_wconf 83' lang='grc' dir='ltr'>ιιιοί</span> <span class='ocrx_word' id='word_1_182' title='bbox 391 2769 526 2834; x_wconf 77' lang='lat' dir='ltr'><strong>etot-</strong></span> <span class='ocrx_word' id='word_1_183' title='bbox 554 2781 670 2831; x_wconf 85' lang='lat' dir='ltr'><strong>vertas:</strong></span> <span class='ocrx_word' id='word_1_184' title='bbox 705 2768 869 2852; x_wconf 89' lang='lat' dir='ltr'><strong>Sophocles</strong></span> <span class='ocrx_word' id='word_1_185' title='bbox 901 2771 977 2835; x_wconf 85' lang='lat' dir='ltr'><strong>dixit</strong></span> <span class='ocrx_word' id='word_1_186' title='bbox 1010 2793 1076 2834; x_wconf 89' lang='lat' dir='ltr'><strong>sese</strong></span> 
     </span>
     <span class='ocr_line' id='line_1_29' title="bbox 55 2854 1079 2940; baseline 0.003 -24"><span class='ocrx_word' id='word_1_187' title='bbox 55 2857 169 2921; x_wconf 78' lang='lat' dir='ltr'><strong>linxisse</strong></span> <span class='ocrx_word' id='word_1_188' title='bbox 197 2860 334 2921; x_wconf 87' lang='lat' dir='ltr'><strong>homines</strong></span> <span class='ocrx_word' id='word_1_189' title='bbox 363 2859 466 2938; x_wconf 86' lang='lat' dir='ltr'><strong>quales</strong></span> <span class='ocrx_word' id='word_1_190' title='bbox 495 2875 562 2918; x_wconf 85' lang='lat' dir='ltr'><strong>esse</strong></span> <span class='ocrx_word' id='word_1_191' title='bbox 588 2857 746 2932; x_wconf 86' lang='lat' dir='ltr'><strong>deberent</strong></span> <span class='ocrx_word' id='word_1_192' title='bbox 774 2854 949 2937; x_wconf 85' lang='lat' dir='ltr'><strong>Euripidem</strong></span> <span class='ocrx_word' id='word_1_193' title='bbox 971 2859 1079 2940; x_wconf 82' lang='lat' dir='ltr'><strong>quales</strong></span> 
     </span>
     <span class='ocr_line' id='line_1_30' title="bbox 56 2957 157 3005; baseline 0.02 -3"><span class='ocrx_word' id='word_1_194' title='bbox 56 2957 157 3005; x_wconf 86' lang='lat' dir='ltr'><strong>essent.</strong></span> 
     </span>
    </p>

    <p class='ocr_par' dir='ltr' id='par_1_9' title="bbox 54 3021 1158 3532">
     <span class='ocr_line' id='line_1_31' title="bbox 129 3021 1080 3113; baseline -0.004 -19"><span class='ocrx_word' id='word_1_195' title='bbox 129 3021 284 3113; x_wconf 74' lang='grc' dir='ltr'>Ἀριθμός</span> <span class='ocrx_word' id='word_1_196' title='bbox 318 3021 438 3109; x_wconf 77' lang='grc' dir='ltr'>λόγωνι</span> <span class='ocrx_word' id='word_1_197' title='bbox 475 3029 532 3088; x_wconf 87' lang='lat' dir='ltr'><strong>nisi</strong></span> <span class='ocrx_word' id='word_1_198' title='bbox 564 3031 661 3108; x_wconf 85' lang='lat' dir='ltr'><strong>patrio</strong></span> <span class='ocrx_word' id='word_1_199' title='bbox 695 3049 831 3089; x_wconf 89' lang='lat' dir='ltr'><strong>sermone</strong></span> <span class='ocrx_word' id='word_1_200' title='bbox 864 3029 1000 3090; x_wconf 88' lang='lat' dir='ltr'><strong>subtilius</strong></span> <span class='ocrx_word' id='word_1_201' title='bbox 1032 3031 1080 3090; x_wconf 84' lang='lat' dir='ltr'><strong>ita</strong></span> 
     </span>
     <span class='ocr_line' id='line_1_32' title="bbox 56 3111 1075 3198; baseline 0.006 -27"><span class='ocrx_word' id='word_1_202' title='bbox 56 3113 216 3179; x_wconf 83' lang='lat' dir='ltr'><strong>discernere</strong></span> <span class='ocrx_word' id='word_1_203' title='bbox 238 3118 322 3178; x_wconf 89' lang='lat' dir='ltr'><strong>licet:</strong></span> <span class='ocrx_word' id='word_1_204' title='bbox 346 3115 482 3198; x_wconf 61' lang='lat' dir='ltr'><strong>{halitu</strong></span> <span class='ocrx_word' id='word_1_205' title='bbox 504 3111 661 3196; x_wconf 64' lang='lat' dir='ltr'><strong>{illenidpen</strong></span> <span class='ocrx_word' id='word_1_206' title='bbox 682 3119 741 3184; x_wconf 78' lang='lat' dir='ltr'><strong>nub</strong></span> <span class='ocrx_word' id='word_1_207' title='bbox 764 3111 945 3196; x_wconf 68' lang='lat' dir='ltr'><strong>lultlllche.</strong></span> <span class='ocrx_word' id='word_1_208' title='bbox 985 3111 1075 3188; x_wconf 80' lang='lat' dir='ltr'><strong>Quod</strong></span> 
     </span>
     <span class='ocr_line' id='line_1_33' title="bbox 57 3200 1158 3284; baseline 0.003 -25"><span class='ocrx_word' id='word_1_209' title='bbox 57 3203 167 3279; x_wconf 89' lang='lat' dir='ltr'><strong>quidem</strong></span> <span class='ocrx_word' id='word_1_210' title='bbox 200 3213 315 3284; x_wconf 84' lang='lat' dir='ltr'><strong>spectat</strong></span> <span class='ocrx_word' id='word_1_211' title='bbox 337 3203 377 3263; x_wconf 84' lang='lat' dir='ltr'><strong>ad</strong></span> <span class='ocrx_word' id='word_1_212' title='bbox 398 3202 557 3262; x_wconf 86' lang='lat' dir='ltr'><strong>humanam</strong></span> <span class='ocrx_word' id='word_1_213' title='bbox 579 3210 716 3260; x_wconf 88' lang='lat' dir='ltr'><strong>naturam</strong></span> <span class='ocrx_word' id='word_1_214' title='bbox 737 3210 789 3262; x_wconf 84' lang='lat' dir='ltr'><strong>aut</strong></span> <span class='ocrx_word' id='word_1_215' title='bbox 810 3200 906 3260; x_wconf 85' lang='lat' dir='ltr'><strong>cdhuc</strong></span> <span class='ocrx_word' id='word_1_216' title='bbox 929 3202 1074 3263; x_wconf 85' lang='lat' dir='ltr'><strong>sinceram</strong></span> <span class='ocrx_word' id='word_1_217' title='bbox 1153 3202 1158 3209; x_wconf 82' lang='lat'>&#39;</span> 
     </span>
     <span class='ocr_line' id='line_1_34' title="bbox 55 3287 1072 3370; baseline 0.004 -26"><span class='ocrx_word' id='word_1_218' title='bbox 55 3295 82 3344; x_wconf 85' lang='lat' dir='ltr'><strong>et</strong></span> <span class='ocrx_word' id='word_1_219' title='bbox 101 3289 247 3370; x_wconf 84' lang='lat' dir='ltr'><strong>integram</strong></span> <span class='ocrx_word' id='word_1_220' title='bbox 269 3299 322 3348; x_wconf 82' lang='lat' dir='ltr'><strong>aut</strong></span> <span class='ocrx_word' id='word_1_221' title='bbox 343 3291 451 3349; x_wconf 85' lang='lat' dir='ltr'><strong>aetatis</strong></span> <span class='ocrx_word' id='word_1_222' title='bbox 473 3287 586 3347; x_wconf 87' lang='lat' dir='ltr'><strong>artibus</strong></span> <span class='ocrx_word' id='word_1_223' title='bbox 609 3302 640 3346; x_wconf 89' lang='lat' dir='ltr'><strong>et</strong></span> <span class='ocrx_word' id='word_1_224' title='bbox 662 3289 836 3346; x_wconf 82' lang='lat' dir='ltr'><strong>auctoritate</strong></span> <span class='ocrx_word' id='word_1_225' title='bbox 847 3288 911 3366; x_wconf 81' lang='lat' dir='ltr'><strong>jam</strong></span> <span class='ocrx_word' id='word_1_226' title='bbox 926 3288 1072 3359; x_wconf 69' lang='lat' dir='ltr'><strong>fucatam</strong></span> 
     </span>
     <span class='ocr_line' id='line_1_35' title="bbox 54 3371 1080 3455; baseline 0.004 -27"><span class='ocrx_word' id='word_1_227' title='bbox 54 3371 80 3430; x_wconf 91' lang='lat' dir='ltr'><strong>id</strong></span> <span class='ocrx_word' id='word_1_228' title='bbox 94 3377 168 3435; x_wconf 89' lang='lat' dir='ltr'><strong>enim</strong></span> <span class='ocrx_word' id='word_1_229' title='bbox 187 3380 238 3434; x_wconf 82' lang='lat' dir='ltr'><strong>&#39;est</strong></span> <span class='ocrx_word' id='word_1_230' title='bbox 259 3376 365 3455; x_wconf 89' lang='lat' dir='ltr'><strong>ipsum,</strong></span> <span class='ocrx_word' id='word_1_231' title='bbox 390 3394 449 3455; x_wconf 91' lang='lat' dir='ltr'><strong>quo</strong></span> <span class='ocrx_word' id='word_1_232' title='bbox 466 3371 621 3454; x_wconf 87' lang='lat' dir='ltr'><strong>Sophoclis</strong></span> <span class='ocrx_word' id='word_1_233' title='bbox 636 3391 781 3455; x_wconf 84' lang='lat' dir='ltr'><strong>personae</strong></span> <span class='ocrx_word' id='word_1_234' title='bbox 796 3372 834 3432; x_wconf 84' lang='lat' dir='ltr'><strong>ab</strong></span> <span class='ocrx_word' id='word_1_235' title='bbox 848 3371 906 3432; x_wconf 85' lang='lat' dir='ltr'><strong>rlhs</strong></span> <span class='ocrx_word' id='word_1_236' title='bbox 921 3371 1080 3454; x_wconf 81' lang='lat' dir='ltr'><strong>Eunprdrs.</strong></span> 
     </span>
     <span class='ocr_line' id='line_1_36' title="bbox 55 3455 325 3532; baseline 0.022 -18"><span class='ocrx_word' id='word_1_237' title='bbox 55 3455 156 3522; x_wconf 82' lang='lat' dir='ltr'><strong>distare</strong></span> <span class='ocrx_word' id='word_1_238' title='bbox 177 3461 325 3532; x_wconf 77' lang='lat' dir='ltr'><strong>videntur.</strong></span> 
     </span>
    </p>
   </div>
   <div class='ocr_carea' id='block_1_4' title="bbox 455 3673 660 3690">
    <p class='ocr_par' dir='ltr' id='par_1_10' title="bbox 455 3673 660 3690">
     <span class='ocr_line' id='line_1_37' title="bbox 455 3673 660 3690; baseline -0.015 -3"><span class='ocrx_word' id='word_1_239' title='bbox 455 3673 660 3690; x_wconf 53' lang='lat' dir='ltr'><strong>m-</strong></span> 
     </span>
    </p>
   </div>
   <div class='ocr_carea' id='block_1_5' title="bbox 0 0 1270 4444">
    <p class='ocr_par' dir='ltr' id='par_1_11' title="bbox 0 0 1270 4444">
     <span class='ocr_line' id='line_1_38' title="bbox 0 0 1270 4444; baseline 0 1"><span class='ocrx_word' id='word_1_240' title='bbox 0 0 1270 4444; x_wconf 95' lang='lat' dir='ltr'><strong> </strong></span> 
     </span>
    </p>
   </div>
  </div>
 </body>
</html>
