2530 4444
454 306 668 362 ...η-

54 439 259 570 parallelorum
280 491 454 572 procedant,
477 485 530 551 sed
551 493 652 572 potius
673 491 818 550 luminum
840 444 1076 573 suorumnrepern

55 595 140 637 cussu
162 577 213 637 alii
235 597 274 637 ex
297 578 361 638 aliis
382 576 570 655 illustrentur
593 575 636 654 (et
657 585 832 638 novatorem
855 581 879 638 si
901 578 977 640 hece
995 581 1075 641 inre
1157 633 1159 636 ,

56 663 324 743 Sophoclem'velis
346 665 514 735 nominare,
535 684 598 724 non
620 662 830 741 adversatum:
859 664 964 724 eodem
985 665 1086 724 modo

56 758 230 810 structuram
257 752 399 810 orationis
428 751 594 830 composuit
620 759 650 809 et
679 749 902 836 brachylogiam
935 751 1074 830 pleonas-

54 853 187 915 mumque
220 837 263 894 itu
295 837 425 908 miscuit,
460 837 504 893 uti
536 855 651 895 morum
679 837 795 909 notatio
821 855 921 896 secum
948 837 1073 898 ferebat.

53 919 226 981 Plcouasmo
255 935 356 980 autern
385 929 511 981 utuntur
538 921 673 982 homines
700 923 843 1001 loquaces
869 943 904 981 ac
925 922 1075 1002 simplices

53 1015 91 1066 nt,
108 1008 205 1086 Ajex,
235 1008 421 1080 Pliloetetcs‚
455 1009 567 1080 nuntii,¹
594 1016 646 1068 aut
673 1008 761 1066 enimi
787 1007 967 1089 perturbati,
998 1027 1075 1088 qnos

53 1092 140 1152 verba
163 1103 277 1153 statera
297 1091 476 1153 examinare
492 1115 552 1152 non
568 1094 751 1174 expectabis.
767 1127 809 1138 —-
825 1091 977 1154 Orationis
991 1111 1073 1172 pres-

54 1179 133 1237 sioris
161 1198 285 1260 campos
311 1179 465 1240 habuerim
492 1180 611 1240 melicas
639 1188 753 1258 partes,
783 1181 866 1240 locos
894 1198 1074 1251 communes,

54 1273 101 1322 eut
123 1285 202 1344 quae
227 1267 373 1345 quietiore
395 1274 500 1325 tenore
522 1267 724 1325 enuntientur.
764 1266 840 1325 Inde
862 1264 989 1346 primum
1011 1265 1075 1324 effi-

54 1351 124 1408 citur
148 1347 245 1432 (quod
259 1353 377 1410 Auctor
391 1354 471 1411 vitae
492 1349 630 1429 miratur)
653 1358 687 1409 ut
707 1353 834 1430 parvula
856 1361 975 1412 sentent
975 1352 1005 1410 ia
1025 1349 1075 1410 vel

53 1453 106 1494 uuo
136 1437 321 1497 hemistichio
350 1446 414 1497 tota
435 1457 565 1518 persone
587 1437 734 1498 describat
722 1445 785 1509 tur,
816 1437 898 1496 velut
920 1439 1077 1522 Antigone

53 1525 147 1580 tota
138 1543 170 1582 ιιι
176 1515 317 1583 duobus
345 1523 482 1584 versibus
512 1525 569 1583 illis
591 1525 664 1583 Aut.
687 1525 750 1583 472
772 1531 804 1582 et
825 1527 882 1594 883
912 1523 1077 1582 deludent

54 1616 195 1686 personae
220 1607 274 1668 sibi
298 1611 464 1668 contrariae
486 1617 666 1689 componant
667 1630 712 1682 ur,
736 1629 795 1688 quo
818 1611 913 1668 altera
927 1629 965 1668 ex
981 1609 1077 1668 altero

53 1693 226 1768 illustretur,
255 1704 289 1754 ut
310 1695 466 1773 Antigona
488 1703 519 1754 et
540 1697 660 1754 Ismene
686 1725 720 1740 -
745 1695 869 1756 Electra
890 1705 922 1755 et
943 1695 1088 1774 Ohryso··

54 1777 154 1839 themis
175 1778 401 1862 -·Odysseus
431 1790 461 1840 et
482 1781 706 1860 Neoptolemus.
751 1781 846 1840 Porro
874 1782 978 1860 Ajacis
1006 1799 1075 1860 pro-

53 1863 122 1924 bitus
152 1867 325 1926 Atridarum
343 1869 501 1947 nequitie,
536 1865 645 1946 Oedipi
679 1870 742 1926 irae
768 1868 947 1946 praecipites
974 1867 1076 1926 fronte

55 1951 147 2028 quieta
169 1961 201 2012 et
222 1953 421 2013 ludificatione
436 1953 575 2014 Creontis
598 1953 723 2012 clariora
738 1951 913 2012 redduntur.
943 1952 1008 2011 ,Sed
1023 1952 1074 2011 ubi

55 2035 170 2098 affectus
193 2038 419 2117 diligentissime
448 2058 486 2098 ex
508 2040 577 2118 lege
598 2039 769 2119 ethopoesis
792 2046 863 2098 sunt
883 2037 1073 2117 depingendi,

55 2119 140 2182 oratio
173 2143 272 2184 nunc*
289 2134 335 2184 est
368 2126 494 2204 simplex
528 2135 559 2184 et
592 2125 707 2184 sincera
741 2122 912 2202 (Theseus,
941 2122 1078 2203 Oedipus

55 2211 155 2270 senex!
193 2211 262 2270 Vid.
285 2211 387 2270 Herm.
412 2211 450 2270 ad
474 2209 510 2270 Ο.
535 2211 568 2270 O.
595 2209 690 2289 1379)
718 2231 798 2270 nuuc
820 2213 953 2270 animosa
976 2208 1075 2287 (Anti-

55 2311 126 2368 gona
151 2297 204 2355 ubi
234 2297 373 2378 querelas
402 2317 569 2377 precesque
597 2296 693 2375 editt)
727 2298 828 2376 gravis
856 2295 949 2373 (Oed.
973 2294 1074 2374 rexi),

55 2377 198 2442 familiaris
224 2378 352 2460 (nuntiil
390 2384 484 2442 multa
505 2381 718 2461 Philoctetis3)
740 2385 918 2463 plerumque
941 2382 1076 2443 subhac

54 2467 161 2528 ratione
182 2469 368 2548 pleonastice
388 2470 468 2530 ficta.

132 2552 231 2627 Quam
247 2557 305 2614 citu
320 2555 389 2616 huic
405 2565 435 2615 et
449 2557 491 2616 illi
505 2558 607 2616 versui
623 2576 717 2615 uncos
731 2556 879 2634 injiciunt,
892 2556 936 2613 uti
949 2563 1075 2614 cotenes

55 2638 190 2713 malefico,
216 2642 294 2720 quia
307 2643 450 2702 sermonis
473 2642 606 2702 rotundit
595 2649 687 2700 attem
708 2640 878 2720 perturbet!
902 2637 963 2698 Sed
985 2639 1078 2700 anxia

55 2719 207 2800 Dejoniro‚
238 2728 418 2805 asperrimus
440 2729 538 2806 AJ‘ax,
567 2727 749 2786 Philoctetes
777 2725 815 2785 ab
840 2725 970 2784 humano
987 2725 1076 2784 cultu

56 2811 160 2870 tamdiu
183 2813 379 2885 abalienatus,
403 2811 512 2892 Oedipi
533 2815 616 2891 regis·
635 2814 680 2870 ire
700 2831 955 2893 prueproperu-u
982 2832 1076 2891 quan-

56 2893 140 2956 tulum
169 2907 276 2958 curent
303 2908 398 2958 artem
429 2899 559 2970 dicendi,
593 2898 674 2957 houd
707 2915 780 2958 sene
811 2899 938 2958 multum
968 2903 1077 2958 curent

56 2975 237 3062 interpretes.
277 2987 320 3044 Et
342 2987 367 3044 si
389 2984 560 3062 tragoedias
581 2985 647 3043 illas
670 2986 724 3064 agi·
741 2985 868 3056 videres,
891 2985 963 3064 quid
985 2991 1088 3064 putes·

58 3082 139 3142 quam
160 3071 251 3148 longe
273 3071 332 3130 alia
352 3071 420 3131 luce
441 3071 551 3130 multos
572 3090 677 3130 versus
700 3069 910 3151 conspiceres?

507 3259 535 3336 s.
562 3263 611 3322 ro.
696 3284 698 3289 ,

56 3369 122 3436 Alio
135 3363 216 3440 inter
229 3375 413 3458 Aeschylum
428 3385 458 3442 et
471 3377 658 3460 Sophoclem
673 3377 855 3466 discrimina
871 3359 1074 3460 uttinpuntur.

135 3499 235 3575 Quum
264 3501 402 3561 iacienda
430 3511 461 3561 et
483 3503 629 3582 agenda
622 3523 639 3561 e
662 3521 752 3560 scene
773 3501 946 3601 rejiciantur
967 3499 1076 3559 solum·

59 3597 109 3657 que
137 3589 252 3647 narrari
282 3588 429 3660 sinantur,
459 3608 584 3649 necesse
612 3597 657 3647 est
684 3587 812 3646 verbs
803 3607 871 3666 ipsa
897 3588 960 3647 sint
978 3586 1076 3654 fectu

57 3662 152 3748 itaque
175 3693 253 3754 quse
275 3665 410 3732 homiues
433 3683 536 3753 agunt,
560 3681 709 3755 quotenus
731 3694 749 3732 e
772 3673 990 3752 spectatoribus
1012 3690 1075 3730 cer·
1140 3660 1148 3678 '

58 3764 173 3833 nentur,
201 3767 295 3838 agunt
315 3759 476 3838 loquendo.
521 3759 613 3839 Apud
636 3780 737 3820 omnes
761 3759 880 3860 quidem
901 3766 963 3816 tres
984 3757 1075 3834 tregi-

60 3855 104 3898 cos
124 3844 169 3917 lit,
191 3855 225 3904 ut
248 3847 341 3905 oratio
364 3846 432 3924 plus
454 3846 601 3923 significet
623 3867 712 3926 quam
734 3845 921 3926 pronuntiet,
943 3850 1077 3904 ettamen

59 3920 155 4003 ingens
188 3940 234 3992 est
262 3933 404 4004 distantia
435 3933 514 3992 inter
541 3933 727 4013 Aeschylum
760 3941 790 3992 et
819 3928 998 4009 Sophoclem
1030 3949 1088 4003 ee„
