2520 4450
437 261 650 324 ...43-

81 455 150 522 Or
152 457 268 517 1.463.
291 443 389 558 propia
402 449 537 560 torridu
559 446 736 540 τράπεζ’
715 471 795 518 4444
819 447 908 516 aoid
931 442 1078 536 ἀνδρός

80 546 149 606 Ant.
165 545 237 604 400.
260 535 321 621 ἐγώ
347 543 374 606 δ’
395 537 574 622 ἐλεύθερος
596 536 770 611 dtaucds'
738 559 811 620 ειμι
827 537 893 602 roir
916 537 1061 626 ddunt·

140 627 265 722 tityrus
286 625 405 692 auxoiu.
450 627 566 702 Quibus
590 629 690 688 verbis

79 717 186 778 Creon
204 739 233 779 v
256 720 328 779 444.
352 711 390 777 σὺ
406 707 587 792 κομίζοις
574 706 726 778 errrore}
751 693 900 802 ᾗθέλεις
922 707 981 790 ἔξω
1004 716 1062 802 flor

140 805 233 906 petor
254 801 361 872 αἰτίας
382 797 573 884 ἐλεύθερον.

42 891 137 949 Nuntii
160 891 239 949 enim
262 890 371 969 gaudio
395 889 499 948 salutis
520 889 640 948 verbosi
661 878 733 949 faeti
753 891 915 951 orationem
930 887 1061 948 ludificat

43 977 132 1036 Creon
156 995 201 1050 eo,
225 984 259 1036 ut
281 977 367 1036 simili
389 984 492 1036 utatur
506 976 665 1034 verborum
681 976 855 1036 conformat
835 985 925 1040 t.rone
947 976 1061 1058 Hujus-

43 1063 112 1122 modi
135 1066 200 1124 sina
224 1064 314 1128 dubio
328 1064 440 1124 multae
458 1071 528 1121 sunt
543 1063 731 1134 subtilitates
755 1063 791 1123 de
808 1063 916 1142 quibus
931 1051 1061 1122 editores

43 1149 129 1209 adhue
151 1170 249 1231 usque
272 1158 440 1209 tacuerunt.

79 1235 113 1300 0.
137 1257 161 1299 r.
188 1239 239 1298 56.
266 1231 344 1305 onita
366 1230 494 1334 ἔρημος
510 1225 641 1316 ἀνδρῶν
661 1224 706 1316 μὴ
731 1227 1004 1342 ξοοιικούοοωο
985 1251 1060 1296 soro

79 1323 223 1470 &2750
258 1313 325 1392 οἶος
345 1317 513 1404 Ἀτρειδῶν
542 1320 620 1399 δίχα
661 1317 854 1412 (01411444
885 1311 954 1390 οἶος
982 1314 1061 1400 ἄτερ

160 1404 253 1488 uois).

42 1491 108 1552 dure
131 1495 296 1554 Benlorius
325 1495 382 1556 hur.
405 1497 493 1555 affert
515 1455 661 1555 illamt
617 1518 647 1554 m
640 1495 822 1594 terrogandi
844 1495 983 1566 formam,
1011 1493 1061 1552 ubi

42 1600 102 1656 pars
116 1583 199 1661 prior
213 1603 268 1661 per
279 1571 341 1684 Ποῦ,
365 1583 513 1663 posterior
528 1603 582 1662 per
604 1573 649 1667 μὴ
673 1579 831 1656 inducitur,
855 1584 966 1662 quippe
983 1600 1061 1660 quae
1123 1652 1128 1662 ι

42 1668 137 1760 prioris
160 1668 233 1730 nihil
257 1669 314 1729 nisi
336 1667 515 1767 amplificat
498 1688 526 1726 ιο
550 1669 596 1727 sit.

119 1755 246 1822 Talibus
269 1777 307 1814 au
310 1763 369 1814 tem
384 1755 456 1814 loeis
480 1744 516 1816 441
542 1743 616 1815 orit
619 1755 659 1814 oti
675 1755 858 1836 pronuntiat
851 1755 911 1815 roni
926 1755 1061 1849 imperat,

41 1829 80 1924 μὴ
102 1841 223 1901 alterit
211 1849 326 1902 tentum
348 1842 489 1902 membro.

42 2019 240 2032 Ἢ

41 2113 98 2166 11444
124 2117 183 2168 veri
210 2115 371 2168 simillimum
395 2121 435 2167 est
458 2116 523 2184 illud
547 2093 700 2204 ἄναυδον,
727 2111 797 2200 puori
815 2115 876 2168 lib'ri
894 2113 1005 2180 habent,
1029 2131 1061 2166 ex

42 2217 118 2255 errore
135 2203 304 2256 librariorum
323 2209 409 2254 ortum
427 2219 487 2256 esse
505 2201 637 2255 oculissi
656 2189 764 2252 αοδαν
778 2204 964 2256 aberrantium.
987 2199 1069 2273 Adde·

41 2291 102 2354 quod
118 2291 203 2344 verba
221 2265 302 2337 041δὲ
326 2291 386 2335 συν
407 2273 472 2358 βοᾷ
495 2291 632 2362 postulant
656 2292 768 2358 aliquid,
795 2289 866 2357 quod
894 2289 1063 2356 epexegetioe

41 2383 62 2424 at
77 2376 152 2428 modo
171 2375 344 2442 parallelismi
362 2377 462 2427 attici
456 2378 487 2426 ris
506 2377 655 2443 praecedat.
687 2378 747 2440 Qua
765 2377 796 2428 de
809 2393 892 2428 eausa
903 2370 969 2426 illud
990 2365 1063 2438 σῖγα

41 2462 138 2516 inserui.
176 2463 266 2516 'lertio
289 2471 377 2514 autem
401 2459 543 2515 cumulatio
569 2463 731 2528 syllabarum
762 2440 903 2521 addat),
933 2439 1062 2530 ὄργοὶν,

41 2525 219 2596 ἄναυδον
213 2564 239 2599 rn
263 2551 316 2599 toto
340 2548 465 2600 librorum
488 2549 547 2603 loco
566 2550 752 2600 molestissima
770 2553 818 2599 est
853 2547 932 2622 Quod
949 2546 1063 2612 denique

39 2635 68 2685 ad
83 2647 193 2688 metrum
212 2639 318 2699 attinet,
343 2637 420 2704 spodi
439 2651 519 2701 quum
538 2637 594 2686 sine
612 2636 783 2704 responsione
801 2637 865 2697 sint,
888 2649 999 2700 eamque
1017 2649 1062 2700 pe·

39 2724 84 2772 tius
102 2725 129 2774 in
148 2739 178 2775 se
196 2724 261 2790 ipsis
280 2717 379 2786 lerant,
397 2724 501 2788 proprio
520 2737 624 2790 semper
641 2723 823 2788 rhythmorum
840 2724 1064 2790 genere¹utuntur

39 2818 61 2857 et
84 2825 199 2878 usquam
224 2810 342 2861 locorum
369 2809 467 2861 hahere
496 2810 582 2861 solent
609 2810 725 2862 ordinem
752 2809 882 2877 quendam
910 2809 1062 2860 continuum
1138 2835 1141 2843 ·

39 2897 110 2948 trium
128 2897 173 2948 vel
190 2901 315 2963 quattuor
332 2897 456 2946 versuum
469 2897 573 2962 generis
585 2897 654 2947 inter
666 2911 695 2948 se
707 2899 778 2963 paris
790 2897 946 2963 pariumque
959 2894 1063 2960 pedum,

39 2996 111 3048 saepe
130 3000 146 3034 a
166 2982 330 3050 stropharum
350 2980 472 3046 rhythmo
490 2983 614 3049 primario
633 2984 840 3036 consistentium.
876 2981 916 3034 Ita

68 3069 106 3122 ut.
125 3067 216 3121 333-
222 3065 316 3120 35.—
334 3063 424 3120 238-
429 3065 462 3120 41
482 3073 576 3134 quater
594 3072 734 3135 repetitum

100 3172 173 3239 (num
187 3175 265 3226 etiam
278 3173 443 3239 stropharum
455 3173 593 3238 rhythmus
605 3176 745 3241 primarius
758 3178 799 3226 est
817 3216 834 3229 .
851 3174 869 3228 .'
885 3213 904 3228 ..
920 3213 938 3228 .
955 3215 972 3228 .
989 3177 1007 3230 .'
1024 3171 1061 3240 .).

66 3291 259 3360 aj.198-200
279 3333 294 3351 a
313 3299 330 3349 .'
347 3313 399 3352 π
416 3301 434 3351 .¹
450 3301 468 3350 Δ
484 3339 502 3352 .
528 3282 568 3348 444
585 3300 725 3363 repetitum

67 3415 167 3468 Traoh.
181 3411 301 3466 tat-28
324 3457 339 3472 υ
357 3421 376 3470 .'
393 3456 408 3473 υ
426 3421 444 3472 t
460 3422 478 3472 Δ
496 3457 513 3514 ν.
529 3461 547 3474 .
565 3460 580 3478 ν
598 3461 616 3474 ..
634 3459 649 3475 υ
673 3421 767 3484 quater
784 3419 924 3484 repetitum

66 3571 162 3624 Traeh.
180 3568 301 3626 tau—24
323 3609 548 3630 .......
577 3573 620 3641 (ex
642 3573 769 3626 Dindurlii
793 3576 981 3628 emendatione
1002 3585 1059 3624 rer·

101 3674 148 3712 sus
164 3655 226 3725 333)
243 3667 283 3711 ter
300 3661 448 3726 repetitum.

37 3743 146 3811 Saepius
168 3745 198 3800 id
219 3749 334 3812 reperias
357 3747 384 3800 in
407 3748 657 3815 anomoeostrophis.
691 3749 751 3804 Hae
769 3765 802 3802 ex
820 3749 1004 3803 obsuvrttons
1020 3757 1060 3796 re-

37 3833 109 3884 stitui
124 3834 274 3899 rhythmum
291 3834 365 3894 iilum
383 3837 423 3886 ttr
439 3837 579 3902 repetitum
678 3865 684 3878 ·
