2530 4444
478 248 519 258 ....
559 217 606 274 23
643 213 694 256 ⁸...

74 399 195 480 septam
228 401 377 481 quoddam
414 403 512 476 vides,
546 423 607 483 quo
635 404 726 466 velox
750 405 921 482 jamborum
953 404 1096 469 decursus
1127 408 1130 420 '

75 496 105 546 ut
124 489 217 551 amnis
240 489 360 568 rapidus
383 489 539 567 frangatur
562 491 753 571 quietiusque
781 491 887 552 abhinc
918 491 956 552 ad
984 494 1097 555 exitum

73 572 187 634 defluat.
231 574 275 634 Et
290 577 448 656 aptissimo
473 575 593 654 quidem
614 575 689 649 loco,
716 578 758 636 ita
785 585 820 636 ut
841 577 993 637 dimidium
1014 579 1096 656 prius

74 661 232 736 posteriore
251 663 291 722 sit
312 661 441 723 brevius.

152 747 196 806 At
219 747 388 810 simetrica
409 751 516 817 itcnuu
539 747 644 808 dividit
666 747 851 812 dimidiorum
872 751 1021 827 posterius

331 857 349 868 Ι
471 855 486 870 ν

334 891 348 906 υ
366 888 554 906 ------
583 847 831 914 ΗᾩΗΙΠΗΠ

73 963 120 1011 aut
141 971 296 1014 caesuram
319 975 384 1014 esse
407 957 473 1014 velt
494 955 551 1014 ltoc
572 955 653 1014 loco:

234 1107 237 1123 ,
341 1063 634 1118 :mx-'nu
668 1055 672 1121 Ι
703 1063 805 1118 ”“’“,

73 1162 213 1221 confiteor
235 1183 283 1222 me
306 1165 406 1223 sensui
428 1186 489 1224 non
511 1165 605 1242 magis
628 1182 718 1243 posse
745 1162 802 1221 hoc
832 1159 972 1242 expedire
1001 1167 1031 1217 et
1052 1161 1102 1227 in-¹

74 1247 186 1307 culcare
223 1270 312 1330 quam
345 1253 511 1329 prooemia,
547 1271 625 1329 quae
658 1252 723 1330 ipso
751 1268 842 1328 opere
870 1256 941 1307 sunt
972 1246 1095 1324 majora

69 1330 130 1392 Viri
153 1334 233 1394 docti
256 1335 326 1394 mihi
348 1339 506 1414 ignoscant
531 1333 633 1412 (Musa
659 1335 690 1395 id
718 1345 799 1394 certo
827 1331 939 1410 iaciat),
963 1332 1043 1412 quod
1066 1333 1098 1390 in

71 1421 203 1480 versibus
219 1423 378 1482 recitandis
395 1421 448 1500 (·'-
462 1423 596 1482 dramata
610 1432 688 1493 sunt,
700 1431 734 1479 ut
748 1418 935 1495 audientur!)
951 1417 1097 1496 ejusmodi

149 1506 262 1576 ποίοις
276 1501 306 1568 ἐι
321 1527 361 1569 au
374 1507 562 1590 &palmeam
578 1511 627 1578 τίς
642 1503 754 1570 πόθεν
774 1499 951 1583 μολών-

152 1582 222 1675 ἥκω
241 1591 367 1675 νεκρῶν
388 1592 569 1674 κευθμῶνα
592 1593 648 1658 καὶ
672 1587 791 1655 σκότου
814 1585 983 1661 πύλας-

69 1697 222 1740 caesuram
250 1681 342 1740 solam
368 1681 623 1783 penthemimerim
657 1679 755 1751 audie,
790 1680 926 1760 quamvis
953 1675 1096 1779 hephthe·

68 1765 208 1826 mimorim
235 1767 329 1826 oculis
360 1769 549 1868 conspiciam.
595 1766 711 1842 Quum'
728 1765 793 1826 cola
821 1765 920 1866 operis
948 1765 1096 1844 cujusque
1185 1771 1187 1774 '

68 1853 217 1910 artificiosi
243 1855 341 1914 animo
369 1857 463 1936 magis
496 1874 586 1954 quam
614 1851 750 1914 sensibus
779 1853 859 1912 cerni
886 1851 965 1910 inter
994 1870 1096 1909 omnes

67 1946 192 2009 constet,
217 1937 289 2018 quid
312 1941 419 2010 obstat
400 1950 503 2020 tque
527 1941 622 1999 minus
645 1937 778 2020 singulos
806 1955 911 1996 versus
933 1935 1096 1996 habeamus

67 2043 155 2101 opera
178 2024 362 2090 artificiosa?
405 2028 442 2086 In
468 2029 665 2095 summalae
693 2035 764 2084 tecta
793 2025 819 2084 cl
846 2026 946 2084 obdita
973 2027 1097 2082 nondum

68 2121 102 2167 est
122 2113 245 2172 sublato.
290 2112 455 2192 Dispositio
479 2115 503 2171 si
519 2124 624 2171 extera
645 2111 739 2178 abest,
755 2111 868 2170 intrat
869 2130 886 2168 e
908 2111 1014 2188 ipsum·
1030 2129 1095 2168 eam

68 2197 300 2278 gignaseoque
327 2202 422 2278 major·
449 2199 606 2260 delectatio
635 2199 700 2280 erit.
733 2194 879 2258 Graecos
905 2194 1028 2275 quidem
1054 2197 1097 2254 ita

67 2281 170 2341 fecisse
194 2285 292 2344 credo.
337 2281 398 2360 Qui
419 2285 549 2364 populus
572 2294 632 2346 tam
649 2281 799 2346 secundae
820 2293 886 2344 erat
908 2290 1033 2343 naturae
1051 2285 1096 2340 in-

67 2371 207 2448 geniique
228 2370 381 2444 fortunati,
405 2383 447 2443 ut,
471 2393 532 2432 nou
555 2391 645 2432 sensu
672 2392 691 2430 a
715 2369 829 2452 judicio
859 2369 1018 2446 disjuncto,
1042 2368 1094 2428 sed

68 2453 177 2517 viribus
205 2458 312 2539 mentis
340 2459 430 2518 unitis
460 2469 582 2538 poetam
612 2460 791 2536 acciperent,
820 2465 850 2515 et
879 2464 913 2512 ut
943 2455 1096 2534 negotium

69 2559 208 2600 caesurae
232 2543 287 2601 sibi
308 2554 409 2603 mcnte
433 2543 637 2624 disponendas
666 2563 717 2602 eos
746 2563 807 2602 non
834 2539 998 2618 impediret,
1022 2559 1095 2620 qno-

67 2626 161 2686 minus
186 2627 290 2688 eodem
313 2639 448 2710 temporc
464 2629 550 2690 simul
573 2627 732 2690 verborum
749 2628 927 2688 sententiam
942 2633 1093 2706 caperent.
1160 2692 1162 2696 .

763 2717 771 2737 .

526 2765 555 2843 s.
579 2768 630 2827 ao.

150 2884 268 2945 Versus
292 2886 343 2966 qui
366 2885 512 2965 syllabam
537 2888 672 2965 quintam
693 2885 839 2968 producit,
868 2871 957 2946 ctiam
984 2903 1095 2944 nonam

69 2971 243 3046 productam
269 2973 379 3033 habere
409 2973 494 3033 solet.
538 2971 668 3031 Flamini
695 2975 738 3031 ita
764 2974 859 3032 altera
888 2971 973 3050 quasi
1002 2970 1095 3028 moles

68 3055 212 3134 objicitur,
237 3058 289 3118 sed
313 3080 390 3138 quac
414 3067 530 3118 aestum
553 3057 725 3118 debiliorem
754 3059 872 3118 efficiat.
917 3054 1093 3144 Quaremi·

64 3161 165 3202 norem
187 3142 280 3207 habet
299 3156 405 3216 secent
407 3165 465 3206 um

707 3207 711 3218 .

336 3271 354 3286 ·
441 3263 528 3327 nl
638 3268 645 3290 r

337 3301 785 3321 ------------

855 3198 867 3235 d

64 3440 170 3488 aeterna
192 3444 219 3488 et
242 3451 312 3503 quse
335 3438 423 3503 ,πᾶσι
445 3444 486 3490 est
507 3441 580 3491 omni
604 3435 801 3496 vicissitudine,
824 3436 853 3486 iu
875 3431 1005 3500 protunda
1023 3429 1095 3494 jacet
1160 3491 1162 3494 ,

64 3523 176 3586 immota,
196 3525 317 3590 quamvls
336 3526 513 3592 cogitationen
532 3537 645 3590 superne
662 3524 821 3578 fluctum
838 3519 1003 3587 superficiem
1020 3518 1094 3566 vario

63 3607 138 3658 modo
154 3615 332 3675 permoveant.

129 3695 242 3748 Matrica
263 3709 307 3746 ars
332 3697 440 3750 minime
463 3713 496 3750 ea
514 3711 558 3748 ree
576 3706 630 3761 est,
660 3697 693 3749 de
714 3679 769 3764 qna
791 3697 847 3749 sola
868 3709 943 3748 mens
963 3691 1093 3758 juncum

63 3780 171 3848 habeam
187 3782 252 3836 bulo
264 3795 375 3849 quoque
388 3785 480 3836 subsit
497 3797 608 3835 necesse
626 3789 667 3836 ast
685 3786 788 3850 species
806 3782 935 3850 quaedam
946 3788 1055 3832 aetcrm
1065 3781 1095 3830 ct

63 3883 130 3932 quae
148 3872 176 3920 in
188 3870 373 3922 vicissitudine
386 3873 499 3933 maneat,
517 3870 544 3920 id
562 3873 631 3922 cuim
650 3872 735 3936 ipsum
748 3875 789 3920 est
806 3870 890 3920 omnis
907 3869 973 3918 artis
989 3869 1092 3918 natm
