2530 4444
367 307 369 322 .
421 303 474 326 m
506 275 558 337 45ι
592 304 649 327 -.

427 477 491 556 a
516 477 609 542 nro..
697 481 723 535 η

29 592 248 678 μασχαλίζω
276 596 413 658 mutilare
435 607 579 660 mortuos.
614 593 745 658 vElectra
765 599 795 656 in
822 595 955 680 Ohocph.
979 600 1041 660 403

80 695 109 744 et
129 686 159 746 iu
181 681 273 765 Sopb.
297 682 345 744 El.
368 681 432 744 438
455 682 528 766 nihil
548 681 707 743 nefandius
730 683 814 764 queri
829 691 929 763 potest
952 705 1043 768 quam
1084 743 1088 752 ,

82 769 158 852 quod
187 769 408 850 Clytemnestra
435 778 551 850 patrem
577 769 768 830 interfectum
789 769 879 829 etiam
901 769 1042 832 crudelis-

81 859 149 917 sime
177 855 367 916 mutilavorit.
411 855 514 915 Affero
538 855 600 919 ,hoc
628 851 766 930 verbum,
796 855 866 935 quia
893 877 1043 938 nusquam

81 943 146 1002 alibi
180 962 357 1022 graecorum
390 942 542 1020 ingenium
569 940 663 1018 magis
690 939 761 1000 mihi
787 943 926 1022 apparuit
952 933 1045 1024 quam

79 1029 149 1088 loeis
178 1027 334 1108 ejusmodi.
378 1027 455 1088 Erat
484 1027 561 1086 enim
589 1026 720 1086 terribile
743 1026 879 1102 Graecis,
909 1029 1042 1106 cogitare

80 1116 141 1173 fore
170 1121 206 1174 ut
235 1115 368 1194 corporis
402 1111 639 1194 pulchritudine,
673 1133 733 1192 qua
766 1113 839 1172 nihil
867 1115 961 1194 pluris
990 1114 1042 1173 ha·

79 1199 190 1260 bobant
218 1201 293 1273 vivi,
321 1199 431 1280 privati
464 1197 504 1257 ad
530 1197 634 1258 manes
664 1197 889 1259 descenderent.
937 1197 1042 1276 Quare

77 1290 136 1364 jam
158 1307 208 1366 ap.
232 1287 320 1346 Hom.
343 1285 469 1364 legimus
490 1285 531 1344 Η.
554 1282 579 1358 ξ,
604 1286 681 1344 142:

139 1361 157 1431 ri
180 1367 244 1449 μὲν
265 1359 309 1441 air
331 1359 503 1449 ἀπόλοιτο,
519 1357 609 1439 ’θεὸς
632 1369 672 1432 δέ
693 1364 712 1431 ἐ
730 1363 934 1450 raptorem.

29 1457 134 1538 Ubique
158 1465 260 1517 autem
275 1457 318 1516 ¹in
346 1457 434 1517 Hom.
462 1457 582 1522 maximi
610 1455 670 1516 odii
696 1465 743 1518 est
768 1454 952 1517 devictorum
975 1477 1042 1516 cor-

32 1563 90 1620 pora
109 1535 256 1612 mutilare.
278 1545 340 1623 Ap.
361 1543 436 1602 Hor.
459 1541 515 1614 111,
541 1545 590 1616 27,
615 1543 655 1602 53
670 1543 802 1623 ‘Europa
822 1543 937 1602 mavult
958 1542 1043 1603 salva

31 1629 231 1706 pulchritudine
253 1647 438 1709 corporeque
461 1627 593 1688 nondum
616 1628 780 1688 deformato
802 1648 926 1709 pascere
949 1630 1042 1707 tigres

31 1733 102 1792 quam
120 1718 216 1776 macie
237 1733 432 1795 mucroreque
455 1712 595 1774 deformis
618 1711 729 1774 Orcum
750 1717 871 1774 intrare.
909 1715 950 1773 Et
965 1712 1040 1779 Stat.

31 1800 79 1859 silv.
99 1801 139 1874 Π,
165 1803 238 1861 154.
1005 1799 1008 1806 ’

99 1887 226 1948 Gratum
247 1896 302 1960 est,
326 1885 408 1966 quod
429 1905 490 1946 non
511 1905 591 1946 mors
613 1885 696 1946 lenta
713 1886 843 1963 jacentis

164 1974 279 2036 Exedit
300 1971 415 2053 puerile
437 1971 537 2045 decus,
559 1991 723 2052 manesque
746 1971 857 2032 subivit

164 2063 291 2140 Integer
312 2066 343 2118 et
363 2055 445 2117 nullo
467 2067 630 2120 temeratus
653 2077 779 2137 corpora
801 2055 918 2118 damno.

335 2231 337 2235 ’
409 2229 413 2240 ’
462 2227 492 2306 ἕ.
516 2231 591 2292 540.

29 2338 165 2438 ‘Eadem
210 2349 259 2414 De
280 2347 338 2420 hoc
366 2351 485 2412 nomine
508 2351 550 2412 sic
571 2349 643 2410 mihi
664 2345 793 2416 videtur.
838 2349 946 2412 Primis
968 2361 1041 2414 tem-

79 2439 199 2518 poribus
226 2438 403 2518 populorum
433 2438 537 2518 vigore
566 2456 710 2498 sensuum
737 2437 867 2518 quodam
893 2437 1046 2518 praedito»

81 2519 168 2600 rum„
188 2524 293 2604 quales
321 2519 430 2601 Graeci
451 2532 551 2595 eraut,
573 2524 721 2586 humanae
742 2532 867 2585 naturae
887 2524 1043 2602 proprium

81 2623 142 2674 erat
169 2610 305 2681 numina,
335 2629 413 2692 quae
441 2609 568 2670 maxime
601 2607 762 2670 metuenda
792 2607 956 2671 credebant
988 2619 1042 2668 aut

82 2717 206 2776 quorum
231 2696 440 2780 propinquitas
469 2693 644 2756 mortalibus
676 2679 841 2793 imperabat
873 2683 911 2754 ab
940 2682 1053 2780 athaq.

82 2787 165 2860 μεῖν,
188 2781 309 2845 nomine
332 2801 421 2862 quam
442 2789 606 2860 potueruut
624 2779 776 2862 leuissimo
799 2780 1042 2862 faustissimoque

83 2871 220 2948 apellare.
261 2861 315 2926 'Ex
336 2868 373 2926 iis
395 2871 481 2926 eraut
502 2855 708 2943 Ειῖμενίδες,
735 2853 861 2949 Ἑκάτη.
904 2867 974 2928 Nou
996 2877 1043 2926 est

82 2976 175 3016 meum
203 2954 250 3014 hic
277 2973 415 3024 narrare,
443 2971 521 3033 quae
548 2952 638 3030 hujus
660 2951 734 3012 deae
756 2953 896 3024 munera,
916 2951 968 3033 qui
989 2952 1041 3011 ho-

82 3061 169 3100 nores
196 3041 322 3110 inerint,
352 3059 443 3120 qnum
465 3038 561 3098 solum
583 3037 621 3096 de
641 3037 732 3121 hujus
754 3039 837 3101 vocis
859 3037 1042 3118 etymologia

83 3128 270 3206 expositurus
293 3127 356 3186 sim.
389 3125 466 3185 Erat
487 3125 698 3204 antiquissimis
713 3125 895 3204 temporibus
916 3123 1042 3184 verbum

85 3213 232 3290 quoddam
253 3213 395 3284 nativum,
418 3213 505 3291 auJ'us
526 3211 668 3290 reliquias
690 3211 887 3290 conspicimus
900 3210 933 3268 iu
948 3201 1040 3283 ἑκών,

84 3291 204 3383 ἕκηλος,
225 3300 385 3377 praecipue
406 3299 437 3356 in
459 3295 510 3356 illo
530 3297 655 3363 Homeri
677 3289 769 3380 ἕκητι
789 3289 895 3370 (θεοῦ,
918 3296 1041 3356 favente

85 3384 154 3458 deo,
183 3405 237 3464 per
262 3383 311 3448 dei
337 3381 486 3462 gratiam).
531 3382 580 3444 Ab
601 3383 652 3442 illo
678 3382 770 3442 verbo
799 3381 889 3442 etiam
914 3370 1040 3464 ‘Eadm

84 3473 223 3549 originem
246 3469 340 3530 duxit.
373 3467 434 3528 Sed
456 3469 526 3549 quia
545 3469 684 3549 propriae
698 3467 855 3545 potestatis
877 3487 944 3536 esso
965 3468 1040 3526 haee

85 3555 140 3614 dea
161 3557 269 3620 sensim
291 3556 378 3616 desiit
399 3563 491 3634 atque
512 3576 578 3616 cum
605 3554 670 3632 aliis
689 3552 857 3612 numinibus
881 3550 1038 3630 (Artemin,

85 3638 209 3702 Selenen
232 3639 311 3719 dico)
334 3641 452 3713 coaluit,
474 3640 571 3719 hujus.
585 3638 775 3706 derivationis
790 3641 930 3700 memoria
942 3639 1038 3716 periit,

86 3736 250 3806 opportune
271 3736 372 3786 tamen
394 3727 480 3786 simul
502 3727 633 3785 oblatum
655 3734 702 3784 est
719 3723 876 3804 ‚epitheton
890 3722 1039 3804 quoddam

84 3811 197 3874 Dianae
225 3833 244 3872 a
274 3813 366 3872 fratre
394 3813 459 3890 ejus
492 3803 695 3894 ἑκατηβόλῳ,
724 3803 828 3892 indeq>
856 3809 1038 3871 arcessitum.

86 3896 218 3960 Obscure
239 3908 356 3974 tantum
376 3897 409 3958 in
423 3898 527 3966 animis
541 3898 722 3976 posteritatis
736 3897 832 3964 haesit
845 3896 943 3974 prisca
954 3895 1038 3954 uotio
