2530 4444
572 288 788 371 ...re-

163 476 244 558 quod
258 477 398 556 linguam
419 471 579 540 adhibebat
600 475 665 548 ille,
691 475 733 536 ed
759 477 907 538 actionem
934 497 973 543 ex
994 477 1199 540 universitate.
1262 547 1263 550 Ἴ

163 583 217 624 sue
239 563 432 642 pingendam,
456 561 504 622 hic
526 559 564 622 sd
586 575 737 622 momenta
758 564 823 640 ejus
847 563 965 641 singule
986 561 1189 642 exprimenda,

78 645 81 655 '
164 650 265 728 qualia
286 669 403 726 semper
425 669 464 708 ex
486 648 651 729 animorum
674 656 754 706 statu
769 647 968 726 pendeant*).
1007 647 1108 722 Quum
1123 667 1191 727 per·
1262 655 1263 734 t

163 755 304 796 senarum
325 734 562 812 Aeschyleeru'm
590 734 715 794 affectus
742 755 804 796 non
826 743 887 794 tam
909 745 1010 813 partes
1033 735 1191 797 artificiose

163 821 342 899 compositas
364 819 532 890 ostendunt
561 839 651 898 quern
679 840 718 880 ex
744 821 940 880 universitate
961 819 1099 900 ¹quodem
1119 813 1192 882 'cer-

162 915 280 978 nentur,
304 907 397 964 oratio
422 925 542 985 quoque
564 925 626 964 non
648 925 687 966 ex
708 906 845 984 partibus
865 907 968 984 parvis
988 914 1191 986 accurateque

163 994 284 1052 caelatis
312 991 366 1052 sed
393 1000 427 1050 ut
453 993 571 1050 moenia
599 990 744 1070 Cyclopia
773 1013 789 1052 e
817 993 934 1068 magnis
966 992 1093 1054 molibus
1127 994 1191 1051 sine

162 1085 318 1148 caemcnto
340 1077 458 1137 videtur
480 1096 550 1136 esse
569 1085 730 1142 exstructo.
769 1078 915 1156 Dialogus
932 1078 1076 1157 Aeschyli
1092 1078 1190 1140 adhuc

161 1164 262 1225 nudus
293 1173 352 1234 est,
384 1162 437 1222 secl
466 1162 614 1242 quaedam
641 1163 779 1226 alternot'
758 1173 799 1222 tro
827 1183 979 1224 versuum.
990 1164 1192 1242 aequabilium

98 1307 104 1316 ,
163 1250 249 1329 quasi
270 1269 309 1308 ex
330 1257 432 1327 pacto
429 1258 590 1308 convento
614 1257 732 1318 exorta,
760 1251 879 1310 minime
901 1258 1002 1312 autem
1024 1251 1090 1310 illas
1113 1269 1192 1329 ques

161 1335 333 1414 Hesychius
355 1335 428 1396 dicit
415 1324 657 1414 tdorrtarbrj
660 1356 708 1394 am
731 1343 863 1414 experte.
902 1335 993 1396 Chori
1016 1345 1046 1394 et
1067 1335 1193 1396 diverbii

161 1423 236 1480 fines
262 1420 362 1480 adhuc
390 1429 450 1480 tem
478 1422 584 1482 incerti
612 1429 703 1500 etque
731 1421 848 1480 confusi
868 1430 953 1492 sunt,
981 1430 1015 1480 ut
1036 1421 1120 1483 illum
1142 1421 1193 1482 vel

161 1509 271 1608 primes
293 1520 394 1586 portes
417 1495 590 1582 (rescitur)
614 1515 667 1578 eut
689 1516 771 1568 certe
792 1508 901 1568 alteros
919 1504 1073 1583 (sumen.)
1090 1527 1193 1585 agere,

161 1603 263 1672 rtaqne
285 1593 433 1652 actionem
454 1601 571 1659 trunco,
594 1611 633 1650 ex
656 1611 715 1670 quo
738 1601 810 1652 nata
831 1603 886 1663 eet,
910 1594 1057 1652 artissime
1080 1612 1112 1652 se
1136 1594 1192 1652 cir·

162 1679 352 1738 cumvolvere
385 1677 549 1740 videamus.
606 1677 745 1738 'Primet
709 1687 762 1738 tris
794 1679 876 1759 apud
906 1675 1094 1756 Aeschylum
1127 1680 1193 1740 iere

161 1766 272 1848 ubique
300 1764 389 1824 animi
417 1763 658 1842 aequabilitatem
681 1766 858 1844 epirumque
881 1765 1033 1846 quendam
1055 1775 1192 1826 tenorem

162 1851 365 1920 servantibus,
399 1849 522 1926 effectus
540 1850 726 1930 *plerumque
753 1851 866 1910 habent
892 1852 1050 1912 locumin
1076 1851 1192 1910 melicis

160 1937 310 2016 pertibus,
343 1935 374 1994 id
408 1935 488 2014 qnod
518 1937 696 2016 Sophoclem
727 1937 816 2015 plane
833 1991 834 1996 ,
849 1938 1008 1996 invertisse
1042 1935 1191 2000 videmus.

139 2091 141 2098 J
160 2024 262 2100 Hujus
283 2029 391 2100 poetes
414 2022 521 2082 chorus
549 2041 588 2079 ex
611 2022 729 2082 notione
752 2031 927 2100 segregatus
949 2023 1102 2082 trimetros
1124 2023 1193 2082 reli·

136 2106 138 2110 ’
162 2111 229 2188 quit,
247 2107 415 2178 affectibus,
437 2127 531 2186 quere
554 2125 659 2169 versus
678 2109 742 2185 jam
763 2108 853 2189 longe
875 2109 1013 2170 subtilius
1036 2129 1072 2168 ac
1094 2109 1202 2186 magis

161 2196 244 2253 varie
267 2194 399 2272 oportuit
420 2194 682 2272 componerentur.

527 2377 647 2428 Actiones
668 2377 829 2446 symbolicas.

229 2463 257 2529 l)
276 2465 380 2530 Operae
401 2465 514 2540 pretium
536 2465 694 2529 fore'puto,
717 2467 833 2530 siquis,
855 2469 956 2531 quanta
978 2483 1038 2518 cum
1055 2470 1195 2546 ‚sepientis

58 2563 61 2571 ¹
161 2559 265 2604 veteres
286 2557 381 2617 poetes
404 2553 535 2602 uodonem
556 2565 608 2600 uon
625 2554 680 2600 tum
698 2566 760 2602 vere
779 2565 858 2617 quem
876 2552 1021 2616 symbolice
1039 2553 1195 2628 effinxerint,

162 2641 238 2692 nohis
254 2641 359 2705 plautus
378 2642 414 2691 sit
431 2641 606 2704 espositnme.
636 2637 794 2690 Oommoneo
812 2655 876 2704 prae
894 2641 989 2690 ceteris
1007 2639 1079 2692 illiue
1097 2646 1200 2690 scenae

161 2729 190 2777 in
206 2717 300 2793 Agere.
318 2727 459 2790 Aeschyli,
482 2727 530 2776 nbi
551 2724 747 2790 Glytemnestrs
771 2727 893 2776 meritum
916 2741 949 2777 ex
971 2727 1037 2778 Asia
1058 2739 1197 2776 reversum

161 2813 272 2878 impellit
293 2817 323 2862 ut
345 2815 374 2862 iu
396 2809 671 2880 stmfflrloipnrpnreo
693 2811 788 2876 pedem
809 2821 897 2876 ponat.
941 2813 1017 2863 Hace
1040 2813 1068 2861 in
1090 2810 1194 2863 acticus

160 2900 297 2950 {onustum
317 2902 419 2948 tantum
432 2898 545 2948 *subules
562 2906 722 2948 momentum
740 2899 870 2968 contineri
887 2904 1004 2963 apparet.
1041 2897 1093 2948 sou
1111 2911 1194 2964 quen-

160 2990 217 3036 tum
238 2987 266 3036 iu
288 2979 485 3050 Agamemnone
505 2982 621 3034 notendo
646 2985 818 3036 momentum!
847 2999 927 3050 quum
953 2986 1023 3034 enim
1048 2985 1077 3034 in
1102 2984 1195 3038 fehule

161 3074 220 3138 ipso
230 3071 437 3138 Agamemnonis
455 3069 535 3133 culpe
553 3070 649 3120 existet
666 3069 748 3131 nulla,
766 3071 814 3122 sed
831 3074 893 3120 ente
909 3069 1027 3120 fabulam
1044 3075 1123 3134 poete
1133 3085 1194 3121 eam

161 3157 343 3209 collocaverit:
367 3155 418 3206 bac
441 3154 474 3204 de
498 3169 580 3204 causa
598 3154 749 3219 Aeschylus
773 3170 863 3221 regem
887 3157 976 3205 uxoris
998 3155 1130 3208 illecebris
1149 3173 1193 3208 sn·

123 3275 125 3282 ,
160 3248 280 3309 peretum
297 3243 361 3293 fecit
379 3239 524 3307 stragulum
542 3241 778 3304 transgredientem
797 3255 880 3304 eoque
893 3243 998 3291 noxium
1011 3250 1038 3292 et
1051 3244 1192 3307 superbiae

160 3329 311 3406 illiusque·
304 3329 438 3393 ignaviae,
461 3341 575 3392 quacum
593 3323 675 3374 filiam
693 3325 860 3392 aliquando'
853 3342 883 3376 ιιι
900 3305 998 3378 Aulide
1016 3329 1192 3408 immolaverit

160 3431 209 3466 nos
232 3415 378 3464 admonitos
402 3411 490 3462 vult
480 3412 565 3477 poete.
600 3409 709 3460 Talium
731 3413 863 3463 actionum
882 3395 1099 3476 symbolicarum,
1123 3430 1192 3479 quae

161 3501 267 3567 quidem
284 3515 332 3564 per
349 3515 378 3550 ee
396 3496 468 3565 ipses
487 3497 583 3558 velent,
602 3495 649 3546 ssd
665 3498 792 3562 praviora
809 3499 963 3564 chpiccnt,
980 3499 1079 3549 multae
1096 3502 1125 3551 in
1137 3505 1190 3550 tra·

104 3653 110 3666 .
162 3589 230 3655 pisis
246 3593 357 3652 possunt
376 3588 471 3638 notari.

577 3757 974 3795 muana—hp..
