2530 4444
50 1145 98 1220 De
111 1171 322 1246 graecarum
337 1146 545 1220 litterarum
558 1145 724 1234 historia,
740 1145 915 1236 dramate,
928 1145 1064 1244 lingua.
1092 1167 1094 1170 ·

504 1354 533 1432 a
559 1327 612 1416 1!

147 1488 148 1497 κ
194 1457 256 1520 Rea
278 1475 413 1536 procoso
436 1455 595 1536 quoddam
618 1473 712 1516 unum
735 1472 773 1514 ao
796 1460 902 1516 totam.
986 1443 992 1449 ²

19 1607 21 1614 ,
120 1563 238 1622 Nullam
252 1581 315 1620 rem
329 1581 463 1640 unquam
477 1570 588 1620 natura
600 1561 700 1635 legum
718 1577 837 1617 suarum
847 1563 1064 1622 necessitatem

50 1658 184 1707 aeternam
205 1649 237 1706 in
258 1646 443 1726 procreando
467 1653 568 1704 secute
589 1644 619 1701 in
644 1644 782 1702 memhris
804 1647 998 1726 articulisque
1019 1649 1083 1708 ita.

48 1731 148 1792 effinxit
169 1744 272 1804 totam,
294 1741 329 1790 ut
350 1731 532 1802 Graecorum
554 1730 704 1788 nationem
728 1729 895 1791 effloruisse
916 1733 1061 1796 videmus.

47 1816 215 1878 Litterarum
235 1821 328 1896 igitur
348 1818 488 1876 historiae
509 1815 614 1884 forme,
639 1835 732 1894 quum
757 1819 844 1894 quasi
858 1835 929 1895 pars
944 1827 1062 1880 tantum

47 1905 124 1964 totius
146 1906 280 1984 corperis
303 1905 349 1975 sit,
373 1923 415 1963 ee
429 1901 487 1959 erit
503 1901 684 1977 justissima,
708 1919 786 1979 quae
811 1911 915 1979 partes
935 1924 973 1962 ex
996 1913 1060 1964 teto

46 1991 215 2060 considerat3
238 2011 278 2050 ac
305 1990 377 2048 nihil
404 1987 533 2065 ineptius
560 2005 650 2066 quem
680 1987 809 2065 opinari,
837 1987 991 2048 historiam
1013 2010 1060 2049 ar-

46 2075 261 2155 theologicam,
283 2073 441 2154 politicam,
473 2073 647 2130 litterariam
668 2080 773 2130 mutuo
798 2092 865 2132 sese
887 2075 1057 2138 excludere.

43 2157 183 2222 Porticum
205 2161 306 2243 templi
329 2157 499 2234 cujusdam,
528 2158 578 2216 vel
600 2178 690 2216 unam
713 2158 882 2218 columnam
909 2161 981 2220 mihi
995 2161 1059 2222 ,de-

43 2248 162 2326 pingere
183 2253 376 2324 suscepturus
404 2252 450 2314 tu,
479 2263 599 2322 precor,
628 2263 690 2301 rron
720 2252 781 2302 tam
809 2265 902 2324 prope
925 2247 964 2306 ad
992 2267 1059 2308 eam

43 2333 168 2405 accedas,
197 2343 231 2392 ut
251 2349 312 2388 aon
340 2329 466 2408 aspicias
495 2337 619 2401 tectum,
650 2329 704 2388 sed
727 2329 766 2389 ad
787 2329 818 2388 id
839 2331 897 2390 loci
923 2333 1058 2406 recedas,

43 2417 85 2476 ubi
105 2420 266 2480 aedificium
288 2424 385 2474 totum
405 2435 466 2474 uno
481 2425 645 2495 conspectu
660 2416 858 2494 amplectaris.
893 2415 996 2491 Quare
1020 2439 1058 2479 ea

41 2511 144 2564 tantum
158 2507 323 2564 litterarum
345 2501 468 2560 historia
490 2521 562 2561 vera
576 2500 707 2577 videtur,
730 2521 821 2580 quam
840 2503 1055 2582 Benrhardyus

41 2590 88 2648 sub
114 2589 198 2650 titulo
227 2587 388 2646 ‘interioris
409 2587 564 2646 historiae’
594 2587 763 2646 describere
792 2588 903 2665 primus
930 2597 1054 2649 conatus

41 2684 91 2748 est,
116 2676 221 2734 seriem
250 2681 350 2732 autem
371 2673 482 2732 nudam
505 2673 656 2752 quandam
677 2673 808 2730 vitarum
830 2681 861 2732 et
885 2693 1008 2754 operum
1030 2677 1056 2736 si

41 2757 177 2820 historiam
205 2759 371 2817 litterarum
393 2759 529 2831 vocabis,
558 2758 705 2816 nobiliore
728 2777 794 2816 eam
817 2778 907 2839 quarn
925 2760 1055 2840 justiore

41 2848 144 2908 nomine
160 2845 296 2904 ornabis.
586 2871 604 2880 ··

495 2977 526 3057 §-
550 2983 580 3045 2.

231 3084 352 3146 Genera
373 3083 482 3164 poesis
505 3100 568 3162 quo
588 3084 642 3145 oto
664 3090 846 3146 noscantur.
940 3127 963 3163 .·
1020 3087 1023 3098 '

111 3191 168 3250 list
190 3197 289 3248 autem
310 3189 360 3248 ille
381 3187 524 3246 naturalis
545 3206 646 3246 rerum
666 3207 846 3267 progressus
866 3189 898 3246 in
914 3187 1054 3253 omnibus

39 3277 143 3355 populis
171 3276 362 3353 conspicuus,
391 3281 425 3332 ut
451 3274 571 3350 ingenio
597 3274 713 3334 liberali
736 3273 834 3332 studia
854 3274 1049 3354 interpretum

40 3379 160 3439 operosa,
182 3361 266 3441 poesi
279 3379 407 3439 prosam,
425 3361 544 3436 tragicis
559 3359 763 3429 Aristotelem,
778 3358 991 3426 Alexandriam
1005 3394 1048 3408 -

38 3446 153 3508 Athenis
167 3445 327 3507 succedere
341 3445 453 3506 videas.
476 3437 541 3504 Nec
556 3446 651 3505 solum
664 3444 830 3503 summatim
841 3453 872 3504 et
882 3450 1046 3524 geuemtim
1078 3511 1082 3518 ,

37 3533 107 3610 apud
127 3533 270 3602 Graecos,
298 3531 350 3589 sed
372 3521 528 3610 usquead
551 3531 683 3609 singulos
702 3529 901 3609 minimosque
924 3551 1045 3612 campos
1125 3564 1127 3570 ·

36 3615 588 3679 illurnverumdecursumessefactum
599 3617 749 3676 miramur.
779 3615 828 3673 Ite
841 3617 919 3678 enim
929 3637 1045 3679 mecum

38 3705 190 3777 considera,
212 3713 246 3763 ut
267 3693 304 3764 τὸ
328 3695 418 3778 ἔπος,
440 3703 578 3773 narratio,
607 3701 702 3780 prima
725 3701 868 3760 sermonis
888 3703 985 3762 forma
1005 3705 1044 3763 sit

37 3791 148 3865 puerilis
163 3791 275 3861 aetatis,
297 3806 384 3870 quae,
406 3807 495 3846 meru
511 3787 633 3846 deorum
648 3785 734 3859 duce,
749 3787 842 3846 inscie
859 3789 905 3846 sui
918 3789 1043 3868 aliorum

38 3883 114 3950 gesta
141 3875 354 3938 confabulatur.
404 3871 562 3933 Paullatim
591 3879 690 3934 tamen
718 3871 805 3932 homo
834 3873 883 3936 sui
906 3875 1042 3936 conscius
