2520 4450
475 255 690 316 -87....

71 443 149 506 Phil.
172 445 235 506 328
265 443 334 505 aa?
364 433 474 506 alteia
498 436 600 521 χόλον
627 433 772 521 ἐγκαλῶν
802 444 876 504 iram
907 443 939 502 ιιι
970 441 1122 524 ιιιιοιιοιιιι

72 531 220 592 conferre.
284 566 286 580 ι
932 593 935 597 .

115 619 168 695 Aj.
186 618 247 676 969
272 608 351 684 ποιςΙ
366 612 456 678 τοῦδ’
479 609 683 698 ἒπεγγελῷεν
704 602 744 676 ἂν
764 607 865 692 κοίά;

76 700 204 762 Omissis
233 703 341 762 ceteris
364 702 507 780 exemplis
536 701 621 760 vides
639 703 718 778 jam,
746 701 897 780 quasilla
919 699 991 774 sint,
1021 721 1099 781 quae

71 807 180 848 versus
206 784 389 866 Sophocleoe
416 805 632 865 nonnunquam
659 795 745 846 tanta
771 789 857 866 eopia
878 788 1032 847 notionum
1053 806 1098 848 re-

69 875 210 944 ferciunt,
233 883 268 932 ut
288 894 351 945 nos,
376 894 454 954 quae
470 872 593 932 Graecis
615 891 720 951 pressa
742 883 773 932 et
786 874 876 952 plena
890 872 992 932 audire
1007 873 1098 946 licuit,

70 959 273 1020 locutionibus
295 960 469 1037 vulgaribus
492 968 583 1038 atque
605 959 749 1036 prosaicis
771 967 932 1038 extenuare
955 967 1046 1037 atque
1068 959 1099 1018 in

70 1046 165 1106 latum
186 1046 338 1106 resolvere
361 1065 510 1124 cogamur.

484 1222 688 1231 ———·

493 1425 496 1432 ,
529 1354 559 1432 a.
584 1356 634 1415 οι.

156 1473 278 1534 Addere
306 1461 437 1554 denique
463 1474 552 1534 liceat
579 1495 677 1555 pauca
705 1476 742 1535 de
770 1479 891 1536 οοιοιιιιι
914 1474 1099 1555 quorundam

73 1559 338 1640 significationibus
360 1560 626 1622 commemoranda.

2 1643 3 1650 '
156 1648 260 1706 Allien
287 1646 384 1724 pingit
406 1655 436 1704 et
458 1648 662 1719 serenitatem,
692 1656 722 1706 οι
745 1649 963 1707 castitatemet
985 1647 1098 1706 mundi-

70 1735 152 1792 tiem.
196 1728 312 1793 Λεῦκα
346 1739 416 1791 sunt
404 1733 579 1805 t,eoelum
614 1732 690 1808 dies,
725 1742 871 1834 quantum
901 1753 957 1810 ego
989 1735 1098 1806 inveni,

72 1820 167 1878 solum
191 1817 271 1896 apud
288 1815 421 1876 Graecus
444 1826 475 1876 et
463 1817 650 1888 tRomanos,
673 1820 799 1877 fortasse
823 1820 893 1897 quia
913 1818 963 1877 ille
978 1819 1098 1892 nitidus,
1187 1838 1194 1854 ‘

71 1894 176 1986 ἇργής,
200 1904 275 1963 οοοιι
299 1904 381 1962 οοιοι
404 1904 545 1965 salumin
560 1905 647 1963 terris
663 1905 742 1963 eirea
756 1924 837 1963 mare
852 1903 1099 1963 mediterraneum

70 1993 133 2049 sitis
162 1991 274 2069 reperit
275 2010 320 2050 ur.
366 1988 463 2048 Albus
485 1991 547 2048 Not
535 1998 583 2048 tus
606 1991 681 2048 Hor.
705 1989 739 2052 O.
762 1989 791 2060 I,
817 1992 848 2062 7,
877 1988 994 2048 candidi
1016 1989 1098 2048 favo-

68 2077 109 2135 nii
131 2075 193 2148 III,
219 2079 253 2148 7,
287 2074 386 2135 clarus
414 2075 525 2154 Aquilo¹
548 2075 697 2154 Virg.-
727 2078 810 2136 venti
838 2077 888 2155 qui
916 2084 948 2134 et
974 2074 1097 2134 nebulas

69 2161 245 2241 dispergunt
274 2171 304 2220 et
292 2159 416 2220 teoelu
445 2170 583 2220 serenato
553 2162 684 2220 tflare
712 2170 850 2260 pergunt.
897 2158 998 2234 Quare
1024 2170 1097 2220 tem·

69 2257 202 2327 pestates
214 2255 325 2307 vocant
326 2267 361 2304 ur
373 2266 499 2306 sonorae
512 2245 632 2325 (virg),
649 2243 790 2310 θυέλλαι
803 2237 960 2331 ἧχηέσσαι
971 2243 1096 2326 (Ηοιιιη)
1150 2305 1152 2309 ,

69 2335 141 2414 quia
181 2353 236 2413 per
278 2335 469 2412 purissimum
511 2341 609 2394 ae'rem
658 2343 745 2395 aeuto
793 2354 867 2394 sono
904 2333 1096 2394 invehuntur.

66 2419 131 2478 Nos
159 2419 277 2499 quidem
305 2419 363 2480 hoe
392 2419 545 2497 epitheton
573 2440 663 2500 aegre
691 2421 896 2498 intelligimus,
926 2439 1018 2497 quum
1042 2416 1097 2476 sub

68 2505 152 2564 coelo
169 2503 346 2565 Germanico
369 2513 527 2564 ventorum
551 2508 668 2565 sonitus
682 2514 713 2564 et
729 2507 816 2584 quasi
830 2524 920 2562 voees
935 2501 1097 2582 vaporibus

67 2591 258 2670 nebulisque,
291 2611 369 2671 quae
398 2609 520 2668 prorsus
548 2611 701 2670 nunquam
730 2597 830 2650 a‘e'rem
852 2597 987 2647 nostrum
1008 2588 1095 2646 relin-

70 2685 175 2756 quunt,
199 2676 403 2755 deprimantur
425 2683 455 2734 et
477 2675 689 2735 obtundentur

153 2761 201 2821 De
225 2763 380 2840 signifieat
373 2777 444 2820 rone
466 2762 635 2822 serenitatis
662 2763 804 2848 transitus
826 2761 859 2819 fit
881 2760 1036 2820 facillimus
1059 2757 1097 2818 ad

68 2868 133 2907 eam
166 2849 388 2926 prosperitatis..
443 2836 574 2908 Λευκὸν
601 2827 697 2930 ἦμαρ
719 2848 804 2908 Pers
834 2849 912 2919 301,
949 2847 1000 2925 Aj.
1026 2847 1095 2917 709,

66 2934 158 2993 Mein.
188 2933 267 2992 Men.
299 2956 330 3016 p
355 2935 425 2992 107.
482 2933 703 3030 Simplicissimo
736 2933 824 2994 modo
859 2933 1025 3012 explieatur
1058 2949 1096 2988 ex

65 3019 151 3079 Pers.
176 3021 236 3078 301
267 3008 387 3081 λευκὰν
414 2999 504 3103 ἦμαρ
532 3009 647 3091 νυκτὸς
672 3013 708 3080 ἐκ
729 3016 944 3097 μελαγχίμου.
990 3013 1096 3075 Ortum

67 3115 114 3165 est
135 3107 225 3183 igitur
247 3125 286 3164 ex
310 3107 457 3186 opposito.
501 3106 563 3164 Alii
585 3107 756 3184 cogitarunt
778 3106 815 3166 de
838 3103 1018 3184 Scytharum
1038 3121 1096 3160 usu

69 3191 198 3272 quodam
222 3191 285 3252 dies
308 3193 423 3252 faustos
445 3192 515 3250 faba
537 3191 613 3264 alba,
638 3201 720 3252 atros
735 3195 821 3270 nigra
835 3187 968 3249 notandi.
1002 3187 1095 3248 Nimia

68 3279 252 3338 arcessitum.
298 3277 345 3337 ef.
368 3277 451 3339 Plut.
473 3277 543 3338 Per.
561 3279 611 3339 27.
636 3279 695 3356 Ap.
711 3277 864 3355 Aristoph.
887 3274 1028 3353 gaudium
1051 3279 1097 3333 est

68 3363 126 3422 albi
149 3364 266 3424 eoloris.
310 3356 423 3424 λευκοὶ
444 3359 557 3448 ψῆφοι
579 3365 722 3441 suffragia
743 3363 850 3423 fausta.

526 3499 555 3577 e.
582 3503 632 3561 se.

150 3621 227 3680 Inde
249 3621 337 3680 faeile
361 3631 508 3699 apparent
529 3627 605 3699 nigri
621 3620 728 3680 eoloris
744 3618 981 3698 significationes.
1015 3607 1094 3676 πόν-

68 3724 129 3778 τος,
153 3702 243 3784 κῦμα
264 3703 370 3784 μέλαν
391 3703 464 3784 quid
485 3707 541 3767 sibi
562 3707 646 3782 velit,
667 3707 693 3764 is
708 3715 824 3766 tantum
837 3706 927 3785 plana
941 3702 1094 3779 intelliget,

68 3794 119 3872 qui
146 3793 211 3871 ipse
238 3803 327 3854 maro
347 3795 508 3871 ⁴conspexit
537 3801 569 3852 et
596 3795 663 3870 ejus
691 3793 850 3859 seditiones
873 3796 1016 3866 expertus
1038 3795 1096 3852 eut.

67 3877 158 3938 Maris
181 3877 276 3951 eolor„
300 3878 350 3939 ubi
372 3879 403 3938 in
426 3879 572 3940 alterutro
597 3880 801 3958 oppositorum
823 3893 943 3936 suorum
965 3886 1019 3947 est,
1043 3880 1096 3934 aut
