2520 4450
600 257 814 314 ...78-

200 444 399 505 Masculiuum
420 464 482 503 non
503 443 580 502 male
603 452 694 521 auget
717 451 807 523 atque
830 443 937 522 premit
959 441 1099 503 Electrae
1124 461 1242 536 super

199 525 330 606 biam!*)

240 619 312 675 Ant.
327 617 398 674 926
425 611 458 677 si
478 608 549 676 τάδ’
571 607 659 676 ἐστὶν
686 607 721 675 ἐν
747 615 842 682 θεοῖς
864 606 965 690 acts,
994 605 1165 682 παθόντες
1174 553 1242 672 bul

208 770 214 788 Ι
238 761 241 766 ,
305 707 564 780 συγγνοῑμεν...

198 789 266 848 Etsi
293 789 465 866 Antigonae
497 733 611 846 umba
622 795 705 856 suut,
740 794 840 846 tamen
867 787 914 844 hic
947 753 1029 844 locus
1063 786 1218 844 communis
1241 793 1242 864 l

199 875 336 933 omnibus
366 874 532 932 hominibus
561 872 657 932 dictus
687 881 807 931 est-
830 872 1003 931 Notandum
1030 881 1077 930 est
1100 871 1130 932 h.
1153 872 1217 931 l.'1n

198 959 343 1040 Euripide
366 958 513 1037 ejusmodi
533 961 665 1018 rationes
687 978 755 1016 raro
781 959 1091 1018 tuntumconvenire.
1138 955 1217 1030 Quoi

198 1053 300 1106 tamen
329 1045 389 1104 noli
415 1042 523 1103 mirail.
567 1045 657 1104 Haud
685 1045 763 1110 enim
791 1045 858 1103 rarb
887 1044 940 1102 tibi
968 1044 1130 1102 observare
1157 1043 1217 1102 licet

199 1135 327 1208 aliquam
348 1127 406 1190 r'em
425 1135 655 1208 qrammatieam,
683 1136 708 1190 si
725 1148 886 1207 processum
908 1133 966 1204 q'us
983 1150 1037 1205 per
1060 1149 1153 1189 omnes
1172 1142 1217 1188 tres

103 1239 106 1256 ι
200 1223 322 1294 lraqicos
346 1221 534 1294 persequeris,
568 1222 647 1294 apud
673 1219 839 1293 Aeschylum
871 1220 961 1276 uidem
988 1221 1108 1275 aeternis
1136 1219 1217 1275 cauas

200 1306 338 1379 oblatam,
372 1307 450 1378 apud
476 1303 639 1380 Sophoclem
666 1309 698 1361 in
724 1307 917 1363 conscientiam
944 1314 1045 1402 poetae
1072 1307 1216 1380 iaqressom

190 1390 346 1466 ‘ciliciaque
369 1393 403 1448 dc
426 1395 514 1450 causis
535 1400 710 1466 musquetum,
737 1393 816 1464 apud
837 1390 1041 1465 Euripidem
1023 1409 1090 1462 qam
1112 1409 1162 1448 uso
1181 1407 1216 1445 so·

200 1477 283 1552 loque
305 1479 498 1536 consuetudine
519 1482 576 1536 siae
600 1479 726 1551 quadam
749 1474 815 1550 leqis
836 1479 945 1533 ratione
967 1477 1135 1537 adhibitam

286 1561 433 1637 Regulam
455 1562 653 1621 absolvamus.
692 1561 825 1630 Chorus
830 1581 847 1618 e
869 1559 1039 1618 mulieribus
1061 1561 1215 1620 consistens

203 1655 234 1706 et
256 1647 293 1704 ab
317 1647 381 1704 aliis
404 1631 624 1728 appellaturet
612 1646 683 1707 tde
706 1666 745 1704 se
759 1647 823 1724 ipsc
846 1646 977 1725 loquitur
999 1647 1031 1708 in
1051 1667 1143 1707 masc.
1160 1665 1214 1722 gen.

201 1734 278 1810 sing
307 1766 346 1776 -
376 1731 538 1793 Praeterea
571 1755 631 1792 non
659 1753 726 1792 raso
755 1741 892 1791 neutrum
926 1752 1021 1810 genus
1056 1732 1093 1790 (le
1128 1731 1214 1800 choro,

201 1819 316 1878 etiamsi
338 1838 372 1876 e
378 1820 512 1893 senibus,
542 1821 661 1878 omnino
684 1820 755 1878 viris
778 1819 934 1892 consistat,
959 1819 1121 1896 atiugieis
1144 1837 1215 1876 usui·-

200 1912 252 1984 pat
253 1926 297 1963 ur.

243 1990 328 2050 Pers
347 1995 362 2050 1
388 1984 470 2052 τάδε
492 1985 593 2052 πιστὰ
614 1988 764 2054 καλεῖται
786 1989 881 2069 „Qut
904 1989 963 2070 fini
980 1989 1025 2052 bie
1041 1983 1215 2054 Θιιιιιιιιιμ

155 2143 157 2154 Ι
286 2077 371 2136 Hace
399 2097 465 2136 cum
493 2098 525 2136 re
554 2077 614 2136 noli
643 2078 826 2137 confundere
854 2077 926 2135 illud
949 2083 1087 2134 neutrum
1110 2075 1215 2153 Euripi·

109 2189 111 2194 ’
203 2161 290 2221 deum
311 2183 527 2242 nonnunquam
549 2164 585 2223 de
608 2165 779 2224 mulieribus
803 2164 928 2222 diverbii
943 2173 1130 2240 usurpatum.
1165 2161 1216 2219 lllio

203 2249 281 2306 enim
303 2255 470 2308 contemtus
494 2259 524 2308 et
547 2250 646 2308 odium
667 2239 858 2328 loquuntur,⁴
876 2268 952 2328 quae
982 2247 1020 2306 ad
1043 2245 1216 2307 ostendenda

201 2331 250 2391 ille
273 2342 364 2412 poete
385 2334 496 2392 nullam
519 2338 702 2394 occasionem
726 2335 902 2410 omittit”*).

270 2605 297 2672 ³⁶)
315 2607 408 2658 Talem
430 2607 578 2673 explicandi
599 2610 727 2680 rationem
750 2595 907 2673 quibusdam
931 2609 1008 2658 nimis
1028 2611 1129 2656 erutam
1147 2610 1214 2670 atque

204 2693 351 2758 quaesitam
374 2695 459 2744 visum
482 2696 516 2746 iri
538 2695 659 2760 equidem
681 2711 733 2745 non
747 2696 854 2762 ignoro.
891 2696 946 2744 Nec
969 2701 1058 2744 tamen
1078 2693 1106 2743 id
1124 2709 1162 2742 me
1178 2693 1215 2740 im·

202 2780 305 2844 pediet,
329 2782 468 2845 quominus
487 2795 581 2830 causas
600 2787 626 2830 et
645 2789 717 2831 ortus
736 2781 871 2848 colligam,
893 2781 940 2832 ubi
957 2779 996 2830 illi
1015 2779 1077 2829 solis
1096 2779 1170 2829 fac-tis
1185 2792 1214 2826 re-

202 2866 327 2932 gulisque
345 2867 460 2916 contenti
478 2874 547 2915 sunt.
583 2865 678 2916 Omnia
695 2867 800 2916 taudem
818 2867 924 2932 linguae
943 2867 1068 2916 idiomata
1090 2862 1214 2930 aliquando

206 2955 292 3002 ortum
316 2953 443 3000 sumsisse
466 2966 574 3001 necesse
598 2955 649 3014 est,
672 2956 773 3002 tautum
798 2953 867 3018 quod
885 2953 929 3002 ille
948 2956 1021 3001 ortus
1039 2967 1091 3001 nou
1109 2967 1166 3001 raro
1182 2964 1214 2998 ιιι·
1241 3001 1242 3004 ,

204 3039 285 3088 terior
311 3044 352 3088 est
378 3051 457 3102 quam
479 3037 505 3086 iu
528 3053 579 3102 qno
603 3038 722 3088 doctriua
745 3040 914 3104 acquiescere
937 3039 1029 3102 possit.
1073 3037 1214 3103 Priusquam
1241 3019 1242 3100 l

206 3126 275 3174 anim
293 3139 335 3174 me
352 3138 416 3174 naso
436 3121 589 3187 suspendas,
607 3129 780 3188 perscrutare,
798 3123 904 3185 amabo,
922 3125 1111 3189 eunonipsima
1126 3130 1214 3190 tragos·
1241 3105 1242 3162 l

205 3209 265 3280 eliae
282 3213 381 3272 aetate,
399 3209 576 3274 qua-quidem
593 3225 682 3262 omues
701 3219 771 3261 artes
790 3211 865 3262 modo
883 3210 994 3284 inhabili
1013 3227 1044 3261 aa
1062 3211 1117 3262 fere
1134 3207 1213 3276 puerili

204 3295 340 3360 proferunt
362 3297 459 3346 formas
483 3311 557 3357 suas,
584 3295 649 3346 illud
671 3298 845 3348 masculinum
867 3297 929 3352 inde
951 3307 1037 3349 ortum
1061 3297 1171 3357 duxerit,
1193 3303 1214 3342 ut
1241 3315 1242 3404 q

206 3382 326 3446 personis
349 3381 468 3430 femineis
491 3383 631 3432 subessent
652 3384 715 3446 viri,
739 3383 804 3434 illud
826 3391 888 3433 neut
889 3399 945 3432 rum
964 3392 1050 3434 autem
1069 3384 1175 3433 fortasse
1190 3393 1213 3429 ex

206 3470 337 3532 potestate
359 3466 449 3516 abdita
467 3455 698 3534 significationis‘
705 3457 893 3535 προςωπα.
933 3469 1015 3535 Cujus
1034 3472 1072 3520 rei
1091 3472 1212 3522 decursum

206 3555 263 3604 veri
281 3551 393 3602 similem
409 3551 495 3602 vids
488 3570 515 3604 ιιι
533 3559 655 3606 contextu
674 3559 829 3622 expositum.
1241 3545 1242 3640 l

257 3637 300 3703 **)
319 3639 443 3702 Denique
466 3641 553 3690 omnia
575 3640 679 3692 defendi
701 3647 824 3707 possunt,
848 3645 927 3692 etiam
948 3643 1090 3708 Euripides
1114 3647 1145 3696 ab
1167 3643 1211 3694 odio
1241 3649 1242 3712 ι

208 3724 345 3774 mulierum
364 3751 394 3762 —
419 3725 550 3789 siquidem
573 3727 691 3794 singulos
713 3729 785 3779 locos
809 3730 934 3790 scrutaris
958 3734 985 3778 et
1008 3745 1040 3780 ex
1062 3743 1211 3796 personarum
1241 3729 1242 3734 ’

208 3809 400 3861 conditionibus
423 3811 451 3861 vi
474 3812 543 3860 eruis
567 3811 723 3864 defendendi
744 3817 887 3864 materiem.
924 3815 975 3864 Sed
997 3815 1123 3866 faciamus
1139 3795 1210 3882 paren

212 3899 346 3966 rationem
366 3899 480 3968 Fingam
493 3903 597 3963 poetam
609 3902 771 3966 singulorum
784 3901 899 3952 locorum
912 3917 1035 3956 nonense
1047 3882 1210 3969 ucooyv'nqv,
