2520 4450
384 285 649 354 .-69'-

761 371 771 404 Ι

469 489 675 580 §.15'

112 613 182 688 Huc
204 618 335 698 pertinet
356 615 505 718 quoddam
522 614 676 695 Sophoclis
699 615 827 676 studium
844 569 993 682 vocabulo
1015 635 1052 675 ea

28 704 145 763 ratione
172 703 346 775 adhibendi,
375 705 442 761 ιιι
435 725 465 762 ιιι
493 703 596 764 eodem
625 702 866 782 pronuntiatione
895 700 1053 780 dupliciter

29 789 106 849 dicta
140 792 209 851 sint.
261 789 374 848 Volunt
406 787 526 868 quidem
559 789 737 866 interpretes
769 788 913 848 maximoe
946 785 1052 846 horum

29 877 161 936 locorum
183 892 250 936 esse
273 883 444 954 corruptos,
475 875 528 934 sed
550 874 682 934 nondum
703 872 884 952 persuadere
906 872 976 932 mihi
998 893 1052 951 po-

30 970 164 1034 tuerunt,
139 960 266 1042 tquid
288 960 377 1040 hujus
399 962 443 1020 rei
464 958 630 1041 Sophocleo
652 961 771 1038 ingenio
794 967 949 1039 repugnet.
984 957 1052 1040 ¹Oe-

30 1055 123 1107 terum
147 1045 330 1107 concordant
351 1047 426 1118 libri,
450 1067 527 1128 quac
550 1066 597 1114 res
621 1046 732 1106 seilicet
753 1045 965 1124 interpretibus
987 1065 1049 1104 non

31 1132 127 1193 obstat
150 1135 224 1213 quin
246 1133 425 1238 discordent.
739 1149 743 1154 ’

69 1217 106 1281 Ο.
130 1241 155 1282 r.
179 1219 240 1278 255
265 1208 392 1281 οὐδ”
359 1237 390 1280 sc
416 1208 484 1318 γὰρ
498 1199 562 1322 ἦν
566 1207 602 1278 τὸ
633 1214 770 1297 πρᾶγμα
797 1206 842 1301 μὴ
874 1209 1051 1302 θεηλατον,

135 1295 331 1385 ἀκάθαρτον
353 1299 440 1374 εἰκὸς
450 1285 503 1400 ἤν
523 1297 624 1366 ἐᾶν.
707 1363 709 1367 .

30 1389 76 1450 ubi
98 1401 181 1451 recte
204 1391 391 1450 Wundcrus.
423 1381 459 1452 τὸ
485 1385 621 1472 πρᾶγμα
643 1410 710 1449 cum
728 1381 926 1490 θεήλατον]
920 1391 1051 1450 'unctum

29 1480 263 1556 inoestipatioccm
290 1481 398 1550 caede,
427 1477 481 1537 sed
502 1477 629 1536 relatum
651 1476 689 1537 ad
719 1413 926 1559 ἀκάθαρτον]
939 1480 1050 1536 caedem

29 1566 116 1637 ipsam
140 1563 309 1664 significat.

3 1647 4 1686 ἶ
70 1646 107 1708 Ο.
123 1671 147 1709 r.
165 1651 225 1708 329
236 1638 311 1748 syci
336 1643 366 1711 d’
382 1639 420 1710 οὗ
443 1642 500 1750 μή
511 1668 595 1711 ποτε

49 1761 50 1766 ’
111 1727 197 1812 τᾶμ’,
221 1752 265 1802 ως
288 1753 329 1797 αν
352 1731 437 1798 εἴπω
460 1731 530 1837 μὴ
527 1727 568 1796 τὰ
592 1735 618 1794 σ
620 1727 778 1838 ,ἐκφῆναι
802 1751 895 1794 noxa

33 1815 195 1894 (Nauckius
218 1821 257 1881 ad
279 1819 478 1882 Schneidew.·
507 1813 633 1898 ἄνωγας
656 1816 756 1899 εἴπω,
786 1817 894 1903 μήτ..
907 1819 933 1899 .)
965 1821 1050 1901 „Ego

31 1925 97 1966 vcro
125 1926 188 1966 non
216 1908 258 1966 ita
285 1909 412 1988 loquar,
443 1917 477 1966 ut
509 1927 575 1966 mea
602 1926 744 1966 enarrans
779 1903 870 1986 (male
899 1905 1051 1986 vaticinia)

33 1996 158 2070 aperiam
178 2002 240 2054 tua
262 1991 353 2070 (mala
375 1979 531 2071 facinora).
577 1991 657 2068 Quid
678 1993 734 2052 hac
758 2001 823 2052 orat
824 1993 891 2051 ione
913 1990 1053 2072 ambigua

33 2079 277 2139 accommodatius
304 2077 387 2138 vati?
422 2079 491 2138 Non
514 2087 560 2138 est
582 2088 696 2150 autem,
726 2099 779 2139 cur
801 2081 1052 2139 constructionem

33 2161 86 2224 τοῦ
109 2155 154 2234 ιὸς
177 2153 218 2226 ἂν
240 2187 306 2226 cum
325 2167 405 2244 conj.
434 2159 519 2226 εἴπω
548 2164 733 2244 impugnent.
779 2161 881 2224 Octies
903 2173 950 2224 est
971 2163 1052 2246 apud

34 2251 120 2312 solum
145 2250 342 2330 Aeschylum,
373 2269 471 2332 neque
500 2270 568 2323 rara
596 2249 675 2331 apud
701 2249 879 2331 Sophoclem
906 2259 936 2311 et
963 2252 1050 2310 Euri-

32 2335 134 2413 pidem.
180 2336 248 2398 vid.
272 2335 377 2396 Matth.
402 2359 445 2416 gr.
469 2357 513 2414 gr.
537 2335 645 2414 §520‚
663 2340 692 2396 2.

71 2421 106 2482 0.
129 2423 163 2484 O.
189 2425 268 2484 1118
289 2424 350 2484 σοι’
371 2441 407 2486 τε
429 2417 567 2501 τοῦργον
589 2417 676 2485 τοῦτ’
691 2417 771 2502 ἐμοί
790 2423 815 2484 τ’
828 2417 920 2484 ἔσται
933 2419 1049 2503 βραχύ.

34 2506 181 2589 Antigona
208 2506 296 2568 vaide
325 2519 486 2581 commota,
522 2512 608 2590 quasi
635 2518 752 2588 tempus
780 2529 839 2568 non
872 2508 980 2568 habeat
1013 2507 1052 2567 ad

32 2595 163 2656 notiones
186 2597 353 2655 accuratius
376 2595 597 2675 segregandas:
622 2595 702 2668 Tibi,
725 2596 822 2674 inquit
837 2590 921 2674 (quia
934 2593 1051 2654 filiabus

3 2735 7 2748 .
33 2683 155 2761 receptis
178 2678 305 2759 gaudes)
329 2687 359 2741 et
381 2681 451 2742 mihi
475 2678 558 2762 (quia
579 2681 725 2740 vindicem
739 2700 837 2740 mcum
853 2679 955 2746 audire
968 2678 1050 2758 licet)

32 2936 87 3010 jam
108 2941 205 2999 fusius
227 2948 355 3000 tractato
377 2939 532 3010 habemus,
556 2898 597 2999 ad
617 2957 653 2998 ea
674 2957 721 2998 me
744 2947 885 2999 converto
909 2957 986 3018 quae
1008 2939 1051 2998 in-

34 3028 187 3104 terpretem
208 3028 305 3086 minus
328 3033 453 3106 experta
474 3035 552 3088 sunt.

487 3181 516 3258 5.
541 3182 590 3242 to.

181 3289 229 3352 Dc
251 3292 323 3352 aliis
343 3293 484 3371 pressius
507 3293 650 3355 attractis
672 3297 703 3353 et
724 3289 898 3352 contractis.

111 3403 329 3464 Nonnullatum
356 3405 636 3485 pronunciationum
664 3406 812 3482 sententia
840 3412 994 3484 tantopere
1016 3406 1047 3463 in

34 3502 63 3544 se
87 3490 182 3568 ipsam
211 3489 394 3552 condensata
423 3501 482 3561 est,
510 3500 544 3550 ut
572 3491 767 3568 cogitationes
795 3490 872 3549 duae
899 3491 931 3550 in
959 3509 1048 3549 unam

36 3577 214 3647 concrevisse
235 3575 409 3653 videantur;
441 3597 514 3657 quas
537 3576 685 3656 adplene
707 3575 915 3655 intelligendas
937 3583 1048 3635 utram·
1130 3629 1131 3632 ,

36 3675 87 3736 que
110 3663 260 3742 segregari
282 3663 387 3742 suique
404 3663 483 3740 juris
504 3663 568 3722 fieri
590 3681 712 3722 necesse
735 3671 789 3723 est.

113 3747 242 3809 Maxime
264 3747 388 3808 notandi
409 3747 467 3807 loci
489 3756 559 3807 sunt
580 3747 626 3806 hi:

72 3831 200 3913 Aj.614
222 3830 338 3896 δεινῶν
360 3827 481 3918 ι’ἅημα
502 3825 701 3911 πνευμάτων
722 3827 871 3912 ,ἐκοίμισε
893 3829 1048 3894 στένοντα

135 3939 267 3982 nonnos.
