2530 4444
592 289 804 349 .--10.-.

187 477 245 537 stili
266 477 345 622 adim
367 487 503 538 naturam
519 478 679 558 duplicem,
698 479 754 540 sed
768 477 830 538 rem
844 487 974 557 utroque
989 475 1215 558 supramodum

186 572 276 624 exten
298 573 394 625 eruat.

599 665 752 776 'em

273 821 396 882 Dudum
429 823 620 881 observatum
654 830 700 881 est
733 819 912 923 Sophoclem
944 842 1005 880 non
1038 831 1099 880 tam
1135 841 1217 880 nove

186 908 300 986 fingere
330 909 422 967 verba
452 906 545 987 (quod
573 909 643 967 item
671 909 798 968 fortasse
826 910 853 967 ei
874 906 1015 968 acciderit
1043 913 1143 966 aetate
1164 897 1222 965 ills

188 989 248 1054 aod
273 992 470 1072 διαπαίζειν)
502 1015 590 1074 quam
620 994 812 1054 obsoletat
782 1004 812 1052 et
837 995 1116 1072 inveterasceutia
1106 1015 1139 1052 m
1160 993 1214 1052 ho-

98 1091 103 1100 '
186 1100 289 1140 norem
318 1081 490 1150 restituere,
522 1081 631 1139 usitata
613 1083 688 1140 avi
716 1099 797 1140 nova
824 1078 955 1158 implere.
1000 1079 1037 1138 In
1065 1060 1215 1158 Sophocle

188 1167 265 1225 enim
293 1165 396 1224 illud
388 1173 497 1238 meret,
526 1175 560 1224 ut
582 1187 669 1226 usum
691 1175 866 1246 t‚yrannum
896 1167 999 1245 ‘quem
1021 1185 1116 1245 penes
1138 1165 1213 1224 arbi-

187 1251 277 1310 trium
305 1260 351 1310 cst
380 1261 409 1311 ct
433 1255 484 1332 J'us
508 1262 538 1311 et
560 1273 664 1312 norma
686 1251 862 1352 loquendiss
876 1250 1036 1311 vehement
1024 1261 1070 1311 ter
1092 1251 1215 1323 odisset,

185 1343 278 1417 atque
302 1339 400 1397 omnia
423 1359 501 1417 quaa
523 1347 609 1398 erent
631 1340 701 1399 trita
723 1347 753 1397 et
776 1327 828 1400 del
843 1326 1035 1414 ὑμνούμενα
1059 1333 1123 1416 (A‘j.
1137 1335 1214 1414 292)

190 1443 287 1503 aeque
316 1444 352 1482 ac
378 1425 517 1484 mulieres
546 1425 628 1504 apud
656 1445 724 1484 eum
750 1424 854 1483 illae
846 1427 1018 1502 mgeniosae
1041 1423 1215 1494 Tecmessa,

190 1509 279 1570 Elect
267 1518 327 1583 tra,
361 1511 434 1568 Ant·
413 1517 529 1588 ugone,
562 1519 726 1590 respueret.
777 1511 842 1569 Nec
874 1529 983 1570 novem
1016 1510 1072 1570 sibi
1097 1510 1217 1588 peperit

188 1597 334 1654 sermonis
356 1597 519 1667 materiem,
543 1596 594 1656 sed
618 1617 696 1675 quae
718 1605 838 1678 praesto
862 1602 935 1668 erat,
958 1616 1024 1656 eam
1046 1616 1125 1655 nove
1146 1597 1215 1653 mis-

187 1681 248 1738 cuit
276 1701 312 1739 ac
341 1683 528 1762 temperavit.
580 1681 672 1741 Aliud
705 1692 752 1742 est
784 1684 872 1761 eique
903 1686 1032 1741 maxime
1061 1681 1216 1760 proprium

185 1766 377 1828 antithesium
400 1787 435 1826 ac
456 1768 670 1848 brachylogiae
692 1767 831 1828 studium.

272 1853 380 1912 Nullus
396 1863 553 1934 poetarum
565 1853 750 1914 Graecorum
762 1857 858 1913 minus
871 1853 951 1913 dedit
964 1874 1053 1934 quam
1065 1848 1215 1929 habuit*).

187 1935 277 2012 Quod
300 1948 400 1998 autem
422 1939 521 2004 Thuc.
544 1939 615 2000 dicit
629 1941 830 1999 Athenienses
852 1940 931 1998 illius
953 1941 1060 2020 aetatis
1083 1959 1164 1996 nova
1185 1940 1216 1996 in

187 2024 313 2084 dicendo
337 2025 505 2098 adamasse,
528 2027 623 2104 magis
647 2025 780 2085 obscuris
803 2045 838 2084 ac
861 2025 1028 2104 suppressis
1051 2045 1142 2104 quam
1163 2045 1216 2103 pa·

185 2112 305 2171 tefactis
334 2131 400 2170 esse
429 2111 593 2190 delectatos
619 2142 656 2152 -
688 2111 757 2173 hinc
785 2112 904 2170 minime
934 2110 1134 2188 colligendum
1161 2121 1217 2182 est,

121 2233 124 2241 ‹
186 2193 365 2275 Sophoclem
395 2196 510 2256 civibus
537 2201 597 2256 suis
625 2197 782 2256 indulsisse
809 2197 848 2258 ad
875 2199 1001 2275 gratiam
1029 2217 1133 2256 eorum
1160 2197 1218 2256 sihi

117 2295 122 2304 ’
186 2282 367 2360 parendum,
398 2281 451 2341 sed
476 2284 574 2361 ipsum
597 2284 627 2341 in
649 2282 695 2342 his
717 2291 838 2361 poetam
860 2283 1072 2362 conspicimus,
1103 2283 1217 2362 quippe

186 2367 250 2446 qui,
274 2388 327 2426 seu
349 2367 414 2426 vult
402 2376 490 2426 tsou
512 2387 574 2426 non
595 2367 670 2440 vult,
694 2371 801 2427 aetatis
823 2387 896 2428 suae
919 2371 956 2428 sit
970 2369 1142 2471 speculum.

271 2453 496 2532 Nonnunquam
524 2462 625 2512 autem
652 2463 714 2514 tam
740 2475 846 2534 presse
876 2467 923 2516 est
950 2458 1015 2533 eJ'us
1043 2455 1152 2525 oratio,
1182 2465 1258 2512 ut
1257 2421 1258 2476 ¹

186 2539 339 2599 Ciceronis
367 2537 517 2618 quoddam
544 2539 582 2598 de
605 2539 785 2620 Thucydide
808 2541 919 2600 dictum
942 2549 1078 2620 spectare
1100 2539 1139 2598 ad
1162 2540 1217 2599 So·

183 2623 323 2703 phoclcm
348 2635 534 2704 Ριιιιιιιειι
521 2625 677 2684 Neminem
704 2627 780 2686 scire
809 2619 910 2686 utrum
936 2647 985 2686 res
1015 2628 1149 2685 oratione
1177 2645 1217 2688 an
1257 2619 1258 2654 ³

99 2727 104 2739 ’
186 2710 280 2770 verba
307 2713 462 2770 sententiis
488 2711 694 2777 inlustremur
744 2712 942 2791 Intelligisne‚
972 2713 1056 2784 dicit,
1085 2731 1215 2783 sensum,

185 2796 210 2854 si
232 2797 339 2868 verbe,
368 2817 406 2856 en
428 2797 536 2868 verba,
565 2798 590 2856 si
613 2817 734 2857 sensum
755 2799 887 2864 novisti?
920 2799 1034 2859 Versus
1056 2798 1217 2878 Sophoclei

184 2883 216 2940 vi
240 2884 406 2942 sententiae
428 2892 587 2962 tantopere
609 2891 745 2962 turgent,
773 2893 807 2944 ut
829 2885 901 2944 nihil
923 2884 1002 2944 ultra
1024 2884 1103 2943 ferre
1125 2903 1216 2964 posse

183 2967 352 3027 videantur.
381 2967 520 3028 ‘Contra'
534 2989 570 3029 ea
592 2970 737 3043 conferas,
765 2980 951 3051 quant-opere
973 2970 1126 3049 Euripidis
1148 2989 1216 3029 ver·

184 3071 235 3113 sus
256 3054 394 3114 laborent
416 3061 450 3113 ut
472 3054 596 3115 terendo
620 3065 651 3114 et
673 3056 865 3116 extendendo
881 3057 1057 3116 sententiam
1074 3057 1217 3136 expleant

181 3147 318 3200 metrum.

667 3325 674 3338 .
700 3281 750 3340 15.

371 3379 523 3445 Rationes
542 3280 719 3463 pleonSsmt
740 3389 771 3444 et
792 3381 1023 3462 brachylopiae.
1104 3363 1106 3370 ¹

271 3485 333 3545 Sed
351 3487 419 3564 jem
439 3487 600 3546 videndum
622 3495 676 3558 est,
689 3486 750 3546 illa
771 3495 879 3566 poetae
893 3490 1062 3568 proprietas
1076 3487 1127 3547 uhi
1142 3489 1213 3548 emi-

103 3616 128 3671 i.
183 3578 271 3644 nest,
304 3572 356 3632 ubi
382 3571 512 3632 recedas
569 3569 671 3645 Quum
698 3571 869 3652 explicandi
896 3592 1090 3652 personarum
1117 3591 1215 3634 mores

183 3677 259 3730 non,
289 3665 324 3718 ut
350 3658 431 3738 epod
453 3657 654 3737 Aeschylum,
674 3667 785 3718 mutuo
814 3679 882 3719 sese
904 3658 1098 3720 excludentes
1120 3661 1215 3720 instar

250 3842 279 3908 θ)
298 3845 338 3896 hc
356 3853 443 3896 sceret
460 3842 541 3896 o’cue
558 3859 698 3911 cnuuyeur
716 3843 783 3898 c’cst
798 3845 831 3897 de
848 3851 907 3897 tout
922 3845 992 3896 ‹llrsl

930 3931 1058 3986 Volscus.
