2520 4450
584 279 798 340 ..50-

176 465 762 550 666666666-66111616661((6666
795 465 854 533 lato
872 461 1043 565 (betcbtit
1062 465 1146 531 babet
1172 481 1201 545 66

110 583 114 594 ·
176 551 442 658 1666666666).”
486 555 574 614 Adde
603 575 632 632 6.ι
662 557 733 628 500,
762 544 903 632 πομπὸν
932 575 1020 652 quarn
1048 555 1132 614 sulse
1161 549 1200 654 cpi

177 637 350 722 ,,ἄγγελον“
379 641 587 744 procedatis
589 621 681 700 .624
711 635 941 724 πεισθήσομαι
969 632 1029 724 γὰρ
1054 623 1123 702 ωδε
1146 632 1202 713 κάξ
1240 667 1242 676 ¹

169 722 279 792 ‘'ttdov
302 721 420 791 laudo
447 718 533 809 πρὸς
561 745 631 808 φως
659 719 825 789 ἀνελθεῖν.
871 726 959 802 2166
989 727 1023 807 lo
1052 725 1201 809 gebardus

177 815 238 881 tritt
262 815 299 897 io
324 815 394 896 ibic
418 814 446 896 Ῑο
471 813 614 894 66666166
640 775 1201 895 666166166666666366666666661-

176 903 291 962 Eadem
319 924 422 963 amara
448 902 561 961 festivit
549 909 596 960 tas
626 923 653 959 v.
677 903 754 972 800,
777 903 848 962 283.
885 934 916 942 ·-
950 900 1139 982 Ubicumque
1168 901 1200 959 dc

177 989 273 1048 salute
296 991 362 1066 ejus
385 990 492 1066 agitur,
517 988 707 1046 servilissim'e
731 1007 763 1046 se
778 987 857 1064 gerit
872 995 903 1046 et
918 987 956 1046 ad
971 987 1087 1047 infimas
1103 1007 1201 1067 preces

134 1115 137 1124 ,
177 1075 339 1144 (1666666116,
363 1073 534 1134 iracundiae
556 1083 654 1132 autem
679 1081 709 1131 et
732 1074 973 1132 exsecrationum
989 1073 1110 1134 modum
1125 1075 1201 1132 norit

177 1161 305 1241 nullum3
337 1162 455 1221 omnino
483 1161 547 1238 ipse
570 1161 646 1218 scies
670 1159 804 1218 homines
828 1159 967 1218 efferatos
990 1159 1110 1224 modurn
1133 1181 1200 1218 sem-

177 1267 231 1326 per
253 1247 400 1306 excedere
422 1256 453 1306 et
475 1247 504 1304 in
530 1247 745 1304 contumaciam
768 1245 844 1303 etin
859 1245 1070 1309 adulationem.
1110 1246 1200 1320 Quam

119 1331 122 1337 ’
177 1334 294 1404 anxius,
318 1354 356 1392 ne
379 1333 514 1412 asperius
538 1333 703 1391 orationem
726 1339 859 1410 promat,
832 1331 1094 1392 tdemississima
1116 1331 1201 1391 verba

178 1419 294 1498 captat!
320 1421 373 1490 lta
396 1440 435 1478 ne
457 1419 557 1477 nautis
578 1419 666 1478 nimis
688 1419 832 1477 molestus
855 1411 1046 1499 sit(v.647)
1066 1418 1201 1477 derebus

180 1525 284 1566 secum
304 1515 372 1584 ptor
360 1505 457 1564 tundis
480 1505 551 1563 dicit

285 1597 356 1668 ἀλλ’
380 1601 468 1668 eoam
490 1586 537 1667 clu
560 1606 622 1684 δεῖ,
646 1607 770 1689 καίπερ
795 1596 833 1668 οὗ
857 1601 1040 1669 πολλῶν
1019 1627 1110 1671 arco.

178 1713 254 1770 Nam
276 1703 375 1770 hoc’
346 1702 424 1772 απὸ
449 1713 557 1771 iterum
579 1721 648 1792 part
649 1713 684 1771 iri
637 1712 825 1772 tridetur
848 1712 921 1774 illud
944 1731 991 1772 ων
1014 1711 1074 1774 δεῖ.

222 1837 249 1877 v
268 1817 328 1874 649
353 1806 479 1922 φύλλον
502 1811 780 1896 etsemetipsum
802 1834 859 1881 aar
884 1813 1036 1898 6166666
1059 1813 1193 1882 6666666.

222 1924 250 1964 v.
268 1904 328 1962 662
352 1901 384 1964 at
407 1901 510 1976 τόξον
533 1836 755 1968 vitassemus
779 1917 836 1966 666
861 1907 923 1968 broc
946 1891 1122 1984 2666666666
1145 1908 1188 1966 66.
1203 1968 1206 1981 ,

179 2007 309 2067 Pluralis
338 2027 395 2066 666
397 2015 520 2066 temtum
551 2008 594 2066 rei
622 2027 658 2066 66
687 2007 864 2068 tenuitatem
892 2007 1032 2086 exprimit
1059 2015 1144 2068 utv.
1169 2007 1204 2064 36

179 2090 364 2174 τεχνήματα
380 2089 420 2156 233
407 2089 554 2172 locbtueri.
592 2089 653 2152 Sed
668 2091 749 2154 illum
767 2113 877 2165 areum,
900 2095 986 2172 cujus
1000 2095 1203 2154 auctoritates

179 2188 337 2255 tantopere
359 2199 397 2236 66
399 2187 448 2237 tea
399 2179 664 2251 tdeminuerat,
688 2189 802 2258 quanto
772 2179 938 2240 thonore
954 2199 1057 2238 rursus
1073 2186 1202 2242 exornat

82 2278 84 2282 ’
179 2265 229 2324 ubi
252 2263 468 2358 Neoptolemus
491 2265 527 2322 de
550 2285 586 2324 66
615 2267 797 2364 interrogat
825 2267 895 2326 inde
923 2287 999 2326 av.
1024 2267 1086 2324 655
1112 2262 1203 2336 ταῦτ’,

180 2337 219 2408 οὐ
248 2335 308 2427 γὰρ
336 2341 422 2410 ἄλλα
450 2337 621 2426 6366-
647 2349 679 2428 ju
705 2349 737 2429 jo
765 2356 821 2416 tot
850 2351 884 2430 tn
916 2351 962 2416 661
988 2349 1107 2416 donna
1136 2357 1203 2415 6666

129 2509 132 2526 ,
179 2433 248 2515 autb
272 2433 394 2516 trebi
373 2452 418 2500 uu
441 2439 564 2500 6666666
586 2433 668 2516 leia?
692 2446 753 2496 cett
747 2480 762 2518 ¹.
1242 2433 1243 2440 ’

268 2523 436 2596 Timentis,
453 2543 490 2582 ne
520 2523 621 2601 Neopt
609 2521 736 2584 tolemus
759 2525 854 2586 morbi
877 2544 968 2584 causa
990 2543 1022 2584 se
1052 2524 1204 2603 relinquat

179 2617 225 2668 est
246 2609 296 2668 ille
318 2628 424 2669 versus
447 2610 507 2669 759
581 2607 583 2614 ’

284 2703 355 2793 η’κεο
376 2702 435 2792 γὰρ
465 2702 546 2796 αὕτη
570 2703 625 2777 did
649 2707 786 2796 χρόνον,
818 2707 984 2800 πλάνης
968 2727 1043 2782 ι-σως
1066 2703 1112 2782 οἷς
1139 2707 1199 2786 ε”ξε

228 2851 230 2858 ,
334 2795 450 2880 πλήσθ
453 2817 472 2882 η
497 2833 537 2846 —
570 2853 571 2860 ,

180 2902 281 2974 „venit
303 2901 350 2959 hic
373 2901 494 2960 morbus
517 2902 613 2980 longis
637 2913 754 2963 tantum
776 2905 950 2976 intervallis
975 2904 1077 2963 abiens
1100 2906 1205 2982 paritor

180 2997 214 3047 ut
241 2990 350 3047 famem
378 2986 545 3065 explevit“‚
578 2987 687 3070 (quare
716 2991 778 3050 noli
805 2999 953 3062 metuere,
985 3009 1022 3048 ne
1052 2989 1083 3048 in
1106 2993 1204 3048 itinere
1244 3045 1245 3048 ,

182 3075 330 3134 rediturus
354 3068 406 3152 sit)
417 3068 460 3153 ²¹²).
542 3122 543 3125 ,

267 3157 326 3218 Sed
355 3167 389 3218 ut
419 3161 457 3219 ad
486 3163 672 3240 propositum
699 3163 872 3233 redeamus,
900 3163 972 3225 Ant.
996 3165 1058 3222 426
1089 3163 1204 3220 nurrtins

182 3245 298 3304 duabus
321 3247 577 3306 enuntiationibus
600 3248 739 3326 adjungit
760 3269 851 3308 unam
874 3247 1034 3328 apodosin:

244 3337 265 3432 ἦ
295 3355 373 3415 παῖς
401 3340 588 3412 ανακωκιῑει
615 3341 754 3451 ὄρνιθος
783 3343 947 3432 φθόγγον,
978 3369 1023 3420 ως
1050 3341 1130 3412 3666
1157 3341 1203 3424 ὀο-

243 3424 405 3598 pppip
416 3431 803 3522 νεοσσῶνβλέψῃλέχος,
828 3433 930 3508 οὕτως
954 3435 991 3500 δὲ
1012 3429 1193 3522 χαῦτηῳ
1138 3431 1205 3518 ἐξοῤ
1244 3441 1245 3454 1

249 3759 273 3823 l)
293 3761 338 3811 Sic
356 3775 416 3811 eum
430 3761 581 3812 Hermanno
599 3765 726 3829 scriptum
745 3763 822 3814 velim
841 3780 887 3829 pro
907 3741 1054 3825 πλάναις,
1073 3764 1144 3830 quod
1164 3763 1203 3812 alii

181 3847 256 3900 codd.
282 3849 388 3900 habent.
431 3847 568 3900 Sententia
595 3865 676 3915 supra
703 3850 785 3902 allata
811 3852 898 3915 aptior
920 3849 1025 3920 videtur
1047 3849 1203 3900 Philoctetae

169 3935 268 3984 ‚omnia
283 3936 405 3996 tentanti,
423 3938 452 3984 ut
470 3935 574 3986 domum
594 3934 714 3986 ducatur.
