<?xml version="1.0" encoding="UTF-8"?>
<!DOCTYPE html PUBLIC "-//W3C//DTD XHTML 1.0 Transitional//EN"
    "http://www.w3.org/TR/xhtml1/DTD/xhtml1-transitional.dtd">
<html xmlns="http://www.w3.org/1999/xhtml" xml:lang="en" lang="en">
 <head>
  <title>
</title>
<meta http-equiv="Content-Type" content="text/html;charset=utf-8" />
  <meta name='ocr-system' content='tesseract 3.04.00' />
  <meta name='ocr-capabilities' content='ocr_page ocr_carea ocr_par ocr_line ocrx_word'/>
</head>
<body>
  <div class='ocr_page' id='page_1' title='image "./cothurnussophoc00lindgoog_0037.png"; bbox 0 0 2530 4444; ppageno 0'>
   <div class='ocr_carea' id='block_1_1' title="bbox 600 281 815 348">
    <p class='ocr_par' dir='ltr' id='par_1_1' title="bbox 600 281 815 348">
     <span class='ocr_line' id='line_1_1' title="bbox 600 281 815 348; baseline -0.005 -16"><span class='ocrx_word' id='word_1_1' title='bbox 600 281 815 348; x_wconf 67' lang='lat'>..13-</span> 
     </span>
    </p>
   </div>
   <div class='ocr_carea' id='block_1_2' title="bbox 166 467 1222 854">
    <p class='ocr_par' dir='ltr' id='par_1_2' title="bbox 166 467 1222 798">
     <span class='ocr_line' id='line_1_2' title="bbox 195 467 1218 560; baseline -0.001 -22"><span class='ocrx_word' id='word_1_2' title='bbox 195 472 286 558; x_wconf 78' lang='lat' dir='ltr'><strong>(eea</strong></span> <span class='ocrx_word' id='word_1_3' title='bbox 302 475 339 536; x_wconf 85' lang='lat' dir='ltr'><strong>It.</strong></span> <span class='ocrx_word' id='word_1_4' title='bbox 358 473 447 560; x_wconf 71' lang='grc'>100),</span> <span class='ocrx_word' id='word_1_5' title='bbox 478 477 578 537; x_wconf 79' lang='lat' dir='ltr'><strong>verbis</strong></span> <span class='ocrx_word' id='word_1_6' title='bbox 600 479 679 556; x_wconf 75' lang='lat' dir='ltr'><strong>regis</strong></span> <span class='ocrx_word' id='word_1_7' title='bbox 702 475 751 546; x_wconf 75' lang='grc' dir='ltr'><strong>τίς</strong></span> <span class='ocrx_word' id='word_1_8' title='bbox 772 467 794 536; x_wconf 73' lang='lat' dir='ltr'><strong>ti</strong></span> <span class='ocrx_word' id='word_1_9' title='bbox 815 476 955 559; x_wconf 79' lang='grc' dir='ltr'><strong><em>τρόπσς;</em></strong></span> <span class='ocrx_word' id='word_1_10' title='bbox 984 494 1045 540; x_wconf 87' lang='lat' dir='ltr'><strong>nen</strong></span> <span class='ocrx_word' id='word_1_11' title='bbox 1068 481 1218 558; x_wconf 70' lang='lat' dir='ltr'><strong>respectis,</strong></span> 
     </span>
     <span class='ocr_line' id='line_1_3' title="bbox 193 557 1222 662; baseline 0.007 -38"><span class='ocrx_word' id='word_1_12' title='bbox 193 582 286 662; x_wconf 80' lang='lat' dir='ltr'><strong>quum</strong></span> <span class='ocrx_word' id='word_1_13' title='bbox 308 565 529 644; x_wconf 85' lang='lat' dir='ltr'><strong>inpraesentia</strong></span> <span class='ocrx_word' id='word_1_14' title='bbox 551 563 609 623; x_wconf 83' lang='lat' dir='ltr'><strong>dee</strong></span> <span class='ocrx_word' id='word_1_15' title='bbox 630 565 790 634; x_wconf 85' lang='lat' dir='ltr'><strong>ministret,</strong></span> <span class='ocrx_word' id='word_1_16' title='bbox 822 566 913 625; x_wconf 84' lang='lat' dir='ltr'><strong>verba</strong></span> <span class='ocrx_word' id='word_1_17' title='bbox 938 557 1002 627; x_wconf 69' lang='lat' dir='ltr'><strong>ica</strong></span> <span class='ocrx_word' id='word_1_18' title='bbox 1003 562 1222 649; x_wconf 67' lang='lat' dir='ltr'><strong>pqdaeealtwt</strong></span> 
     </span>
     <span class='ocr_line' id='line_1_4' title="bbox 166 641 1220 736; baseline 0.002 -28"><span class='ocrx_word' id='word_1_19' title='bbox 166 701 169 708; x_wconf 93' lang='grc'>,</span> <span class='ocrx_word' id='word_1_20' title='bbox 193 655 224 711; x_wconf 85' lang='lat' dir='ltr'><strong>et</strong></span> <span class='ocrx_word' id='word_1_21' title='bbox 245 643 388 717; x_wconf 75' lang='grc' dir='ltr'><strong><em>λύοντας</em></strong></span> <span class='ocrx_word' id='word_1_22' title='bbox 406 649 518 712; x_wconf 78' lang='lat' dir='ltr'><strong>referat</strong></span> <span class='ocrx_word' id='word_1_23' title='bbox 540 644 623 709; x_wconf 84' lang='lat' dir='ltr'><strong>ad</strong></span> <span class='ocrx_word' id='word_1_24' title='bbox 602 668 726 728; x_wconf 79' lang='grc' dir='ltr'>ανωγιν</span> <span class='ocrx_word' id='word_1_25' title='bbox 747 641 833 736; x_wconf 75' lang='grc' dir='ltr'><em>ἡμᾶς</em></span> <span class='ocrx_word' id='word_1_26' title='bbox 855 645 899 734; x_wconf 86' lang='lat' dir='ltr'><strong>(v</strong></span> <span class='ocrx_word' id='word_1_27' title='bbox 917 647 989 732; x_wconf 81' lang='grc'>06)</span> <span class='ocrx_word' id='word_1_28' title='bbox 1013 653 1099 731; x_wconf 80' lang='lat' dir='ltr'><strong>quasi</strong></span> <span class='ocrx_word' id='word_1_29' title='bbox 1123 651 1220 710; x_wconf 82' lang='lat' dir='ltr'><strong>divine</strong></span> 
     </span>
     <span class='ocr_line' id='line_1_5' title="bbox 192 737 666 854; baseline -0.009 -56"><span class='ocrx_word' id='word_1_30' title='bbox 192 738 365 798; x_wconf 87' lang='lat' dir='ltr'><strong>mortalibus</strong></span> <span class='ocrx_word' id='word_1_31' title='bbox 389 737 561 796; x_wconf 86' lang='lat' dir='ltr'><strong>consociare</strong></span> <span class='ocrx_word' id='word_1_32' title='bbox 583 737 666 854; x_wconf 83' lang='lat' dir='ltr'><strong>nolit.</strong></span> 
     </span>
    </p>
   </div>
   <div class='ocr_carea' id='block_1_3' title="bbox 103 977 1248 4008">
    <p class='ocr_par' dir='ltr' id='par_1_3' title="bbox 585 977 827 1058">
     <span class='ocr_line' id='line_1_6' title="bbox 585 977 827 1058; baseline 0 -20"><span class='ocrx_word' id='word_1_33' title='bbox 585 978 638 1039; x_wconf 76' lang='lat' dir='ltr'><strong>lle</strong></span> <span class='ocrx_word' id='word_1_34' title='bbox 659 977 827 1058; x_wconf 66' lang='lat' dir='ltr'><strong>saepem.</strong></span> 
     </span>
    </p>

    <p class='ocr_par' dir='ltr' id='par_1_4' title="bbox 103 1074 1248 2713">
     <span class='ocr_line' id='line_1_7' title="bbox 277 1074 1218 1164; baseline 0 -22"><span class='ocrx_word' id='word_1_35' title='bbox 277 1081 354 1143; x_wconf 84' lang='lat' dir='ltr'><strong>Mira</strong></span> <span class='ocrx_word' id='word_1_36' title='bbox 376 1086 460 1162; x_wconf 78' lang='lat' dir='ltr'><strong>virge</strong></span> <span class='ocrx_word' id='word_1_37' title='bbox 484 1095 530 1142; x_wconf 87' lang='lat' dir='ltr'><strong>est</strong></span> <span class='ocrx_word' id='word_1_38' title='bbox 552 1085 720 1162; x_wconf 72' lang='lat' dir='ltr'><strong>Antigona,</strong></span> <span class='ocrx_word' id='word_1_39' title='bbox 744 1093 787 1155; x_wconf 85' lang='lat' dir='ltr'><strong>et,</strong></span> <span class='ocrx_word' id='word_1_40' title='bbox 811 1091 846 1140; x_wconf 83' lang='lat' dir='ltr'><strong>ut</strong></span> <span class='ocrx_word' id='word_1_41' title='bbox 862 1074 937 1143; x_wconf 82' lang='lat' dir='ltr'><strong>mihi</strong></span> <span class='ocrx_word' id='word_1_42' title='bbox 959 1083 1090 1155; x_wconf 84' lang='lat' dir='ltr'><strong>videtur,</strong></span> <span class='ocrx_word' id='word_1_43' title='bbox 1104 1094 1218 1164; x_wconf 82' lang='lat' dir='ltr'><strong>poetae</strong></span> 
     </span>
     <span class='ocr_line' id='line_1_8' title="bbox 192 1167 1220 1251; baseline -0.002 -21"><span class='ocrx_word' id='word_1_44' title='bbox 192 1187 265 1251; x_wconf 88' lang='lat' dir='ltr'><strong>prae</strong></span> <span class='ocrx_word' id='word_1_45' title='bbox 294 1169 359 1229; x_wconf 83' lang='lat' dir='ltr'><strong>allis</strong></span> <span class='ocrx_word' id='word_1_46' title='bbox 389 1171 455 1248; x_wconf 76' lang='lat' dir='ltr'><strong>ejus</strong></span> <span class='ocrx_word' id='word_1_47' title='bbox 482 1171 618 1250; x_wconf 76' lang='lat' dir='ltr'><strong>pemseia</strong></span> <span class='ocrx_word' id='word_1_48' title='bbox 647 1170 767 1231; x_wconf 85' lang='lat' dir='ltr'><strong>dilecta.</strong></span> <span class='ocrx_word' id='word_1_49' title='bbox 815 1167 944 1228; x_wconf 82' lang='lat' dir='ltr'><strong>Omnino</strong></span> <span class='ocrx_word' id='word_1_50' title='bbox 970 1171 1004 1228; x_wconf 83' lang='lat' dir='ltr'><strong>in</strong></span> <span class='ocrx_word' id='word_1_51' title='bbox 1025 1169 1098 1230; x_wconf 87' lang='lat' dir='ltr'><strong>alios</strong></span> <span class='ocrx_word' id='word_1_52' title='bbox 1122 1172 1220 1230; x_wconf 81' lang='lat' dir='ltr'><strong>clausa</strong></span> 
     </span>
     <span class='ocr_line' id='line_1_9' title="bbox 192 1244 1220 1336; baseline -0.001 -21"><span class='ocrx_word' id='word_1_53' title='bbox 192 1263 223 1315; x_wconf 88' lang='lat' dir='ltr'><strong>et</strong></span> <span class='ocrx_word' id='word_1_54' title='bbox 244 1257 408 1326; x_wconf 84' lang='lat' dir='ltr'><strong>taciturna,</strong></span> <span class='ocrx_word' id='word_1_55' title='bbox 435 1275 527 1336; x_wconf 87' lang='lat' dir='ltr'><strong>quum</strong></span> <span class='ocrx_word' id='word_1_56' title='bbox 550 1274 568 1316; x_wconf 87' lang='lat' dir='ltr'><strong>a</strong></span> <span class='ocrx_word' id='word_1_57' title='bbox 595 1257 722 1335; x_wconf 82' lang='lat' dir='ltr'><strong>pueritia</strong></span> <span class='ocrx_word' id='word_1_58' title='bbox 751 1246 819 1316; x_wconf 75' lang='grc' dir='ltr'><strong>οὔτ’</strong></span> <span class='ocrx_word' id='word_1_59' title='bbox 834 1245 970 1335; x_wconf 72' lang='grc' dir='ltr'><strong><em>αἰσχρὰν</em></strong></span> <span class='ocrx_word' id='word_1_60' title='bbox 993 1244 1053 1317; x_wconf 73' lang='grc' dir='ltr'><strong>οὔτ</strong></span> <span class='ocrx_word' id='word_1_61' title='bbox 1054 1245 1220 1334; x_wconf 70' lang='grc' dir='ltr'>’ἀλγεινὸν</span> 
     </span>
     <span class='ocr_line' id='line_1_10' title="bbox 192 1331 1220 1422; baseline 0 -22"><span class='ocrx_word' id='word_1_62' title='bbox 192 1331 312 1419; x_wconf 72' lang='grc' dir='ltr'><em>ὅποῐρν</em></span> <span class='ocrx_word' id='word_1_63' title='bbox 339 1334 400 1404; x_wconf 68' lang='grc' dir='ltr'><strong>οὐκ</strong></span> <span class='ocrx_word' id='word_1_64' title='bbox 413 1339 579 1405; x_wconf 76' lang='grc' dir='ltr'><strong><em>ὄπωπεν.</em></strong></span> <span class='ocrx_word' id='word_1_65' title='bbox 629 1343 761 1401; x_wconf 85' lang='lat' dir='ltr'><strong>Plurima</strong></span> <span class='ocrx_word' id='word_1_66' title='bbox 790 1361 890 1401; x_wconf 83' lang='lat' dir='ltr'><strong>secum</strong></span> <span class='ocrx_word' id='word_1_67' title='bbox 919 1343 1044 1420; x_wconf 78' lang='lat' dir='ltr'><strong>cogitet,</strong></span> <span class='ocrx_word' id='word_1_68' title='bbox 1072 1363 1108 1402; x_wconf 87' lang='lat' dir='ltr'><strong>ac</strong></span> <span class='ocrx_word' id='word_1_69' title='bbox 1136 1344 1220 1422; x_wconf 78' lang='lat' dir='ltr'><strong>plura</strong></span> 
     </span>
     <span class='ocr_line' id='line_1_11' title="bbox 192 1427 1218 1531; baseline -0.003 -43"><span class='ocrx_word' id='word_1_70' title='bbox 192 1431 308 1507; x_wconf 81' lang='lat' dir='ltr'><strong>cogitat</strong></span> <span class='ocrx_word' id='word_1_71' title='bbox 328 1451 417 1510; x_wconf 88' lang='lat' dir='ltr'><strong>quam</strong></span> <span class='ocrx_word' id='word_1_72' title='bbox 439 1431 539 1490; x_wconf 85' lang='lat' dir='ltr'><strong>verbis</strong></span> <span class='ocrx_word' id='word_1_73' title='bbox 562 1430 712 1498; x_wconf 81' lang='lat' dir='ltr'><strong>enuntiat3</strong></span> <span class='ocrx_word' id='word_1_74' title='bbox 743 1429 802 1487; x_wconf 88' lang='lat' dir='ltr'><strong>sed</strong></span> <span class='ocrx_word' id='word_1_75' title='bbox 822 1427 873 1486; x_wconf 74' lang='lat' dir='ltr'><strong>ulti</strong></span> <span class='ocrx_word' id='word_1_76' title='bbox 895 1428 979 1531; x_wconf 84' lang='lat' dir='ltr'><strong>loqui</strong></span> <span class='ocrx_word' id='word_1_77' title='bbox 1002 1430 1130 1531; x_wconf 78' lang='lat' dir='ltr'><strong>cegitqr‚</strong></span> <span class='ocrx_word' id='word_1_78' title='bbox 1154 1447 1218 1508; x_wconf 90' lang='lat' dir='ltr'><strong>pro-</strong></span> 
     </span>
     <span class='ocr_line' id='line_1_12' title="bbox 190 1505 1219 1596; baseline 0.001 -23"><span class='ocrx_word' id='word_1_79' title='bbox 190 1517 286 1593; x_wconf 79' lang='lat' dir='ltr'><strong>priam</strong></span> <span class='ocrx_word' id='word_1_80' title='bbox 307 1525 387 1574; x_wconf 85' lang='lat' dir='ltr'><strong>amat</strong></span> <span class='ocrx_word' id='word_1_81' title='bbox 407 1513 549 1596; x_wconf 84' lang='lat' dir='ltr'><strong>loquendi</strong></span> <span class='ocrx_word' id='word_1_82' title='bbox 567 1523 755 1585; x_wconf 77' lang='lat' dir='ltr'><strong>structuram,</strong></span> <span class='ocrx_word' id='word_1_83' title='bbox 773 1507 920 1595; x_wconf 76' lang='lat' dir='ltr'><strong>&#39;’‘(nam</strong></span> <span class='ocrx_word' id='word_1_84' title='bbox 883 1529 987 1576; x_wconf 74' lang='grc' dir='ltr'>εικειν</span> <span class='ocrx_word' id='word_1_85' title='bbox 1005 1505 1065 1576; x_wconf 74' lang='grc' dir='ltr'><strong>οὐκ</strong></span> <span class='ocrx_word' id='word_1_86' title='bbox 1086 1507 1219 1576; x_wconf 76' lang='grc' dir='ltr'><strong><em>ἐπίστα-</em></strong></span> 
     </span>
     <span class='ocr_line' id='line_1_13' title="bbox 192 1592 1219 1680; baseline 0 -19"><span class='ocrx_word' id='word_1_87' title='bbox 192 1601 459 1679; x_wconf 79' lang='lat' dir='ltr'><strong>eac,utch0r11s</strong></span> <span class='ocrx_word' id='word_1_88' title='bbox 489 1600 574 1670; x_wconf 88' lang='lat' dir='ltr'><strong>dieit;</strong></span> <span class='ocrx_word' id='word_1_89' title='bbox 603 1601 682 1659; x_wconf 88' lang='lat' dir='ltr'><strong>inest</strong></span> <span class='ocrx_word' id='word_1_90' title='bbox 710 1601 737 1659; x_wconf 92' lang='lat' dir='ltr'><strong>ei</strong></span> <span class='ocrx_word' id='word_1_91' title='bbox 758 1600 883 1660; x_wconf 85' lang='lat' dir='ltr'><strong>multum</strong></span> <span class='ocrx_word' id='word_1_92' title='bbox 911 1603 1004 1678; x_wconf 86' lang='lat' dir='ltr'><strong>patris</strong></span> <span class='ocrx_word' id='word_1_93' title='bbox 1033 1597 1092 1663; x_wconf 77' lang='grc' dir='ltr'><strong>τοῦ</strong></span> <span class='ocrx_word' id='word_1_94' title='bbox 1116 1592 1219 1680; x_wconf 63' lang='grc' dir='ltr'>ὠμοῦ)</span> 
     </span>
     <span class='ocr_line' id='line_1_14' title="bbox 191 1685 1218 1789; baseline 0.004 -43"><span class='ocrx_word' id='word_1_95' title='bbox 191 1685 356 1747; x_wconf 84' lang='lat' dir='ltr'><strong>sententias</strong></span> <span class='ocrx_word' id='word_1_96' title='bbox 379 1695 492 1766; x_wconf 90' lang='lat' dir='ltr'><strong>quanta</strong></span> <span class='ocrx_word' id='word_1_97' title='bbox 513 1687 633 1746; x_wconf 91' lang='lat' dir='ltr'><strong>minima</strong></span> <span class='ocrx_word' id='word_1_98' title='bbox 660 1695 761 1766; x_wconf 83' lang='lat' dir='ltr'><strong>potest</strong></span> <span class='ocrx_word' id='word_1_99' title='bbox 783 1685 1049 1766; x_wconf 78' lang='lat' dir='ltr'><strong>comprehensione</strong></span> <span class='ocrx_word' id='word_1_100' title='bbox 1071 1689 1218 1789; x_wconf 68' lang='lat' dir='ltr'><strong>exprimit</strong></span> 
     </span>
     <span class='ocr_line' id='line_1_15' title="bbox 103 1757 1218 1850; baseline -0.002 -17"><span class='ocrx_word' id='word_1_101' title='bbox 103 1757 109 1780; x_wconf 67' lang='lat'><strong><em>¹</em></strong></span> <span class='ocrx_word' id='word_1_102' title='bbox 191 1791 357 1833; x_wconf 86' lang='lat' dir='ltr'><strong>sermonem</strong></span> <span class='ocrx_word' id='word_1_103' title='bbox 380 1775 454 1832; x_wconf 79' lang='lat' dir='ltr'><strong>atrtit</strong></span> <span class='ocrx_word' id='word_1_104' title='bbox 455 1771 582 1831; x_wconf 86' lang='lat' dir='ltr'><strong>hesihns·</strong></span> <span class='ocrx_word' id='word_1_105' title='bbox 600 1776 690 1835; x_wconf 84' lang='lat' dir='ltr'><strong>acuit.</strong></span> <span class='ocrx_word' id='word_1_106' title='bbox 723 1771 884 1834; x_wconf 81' lang='lat' dir='ltr'>Neminem</span> <span class='ocrx_word' id='word_1_107' title='bbox 907 1769 1029 1850; x_wconf 84' lang='lat' dir='ltr'><strong>dignum</strong></span> <span class='ocrx_word' id='word_1_108' title='bbox 1051 1773 1150 1844; x_wconf 86' lang='lat' dir='ltr'><strong>habet,</strong></span> <span class='ocrx_word' id='word_1_109' title='bbox 1173 1775 1218 1832; x_wconf 86' lang='lat' dir='ltr'><strong>cui</strong></span> 
     </span>
     <span class='ocr_line' id='line_1_16' title="bbox 191 1857 1219 1938; baseline -0.001 -21"><span class='ocrx_word' id='word_1_110' title='bbox 191 1865 288 1918; x_wconf 87' lang='lat' dir='ltr'><strong>totum</strong></span> <span class='ocrx_word' id='word_1_111' title='bbox 303 1859 449 1919; x_wconf 85' lang='lat' dir='ltr'><strong>sentiendi</strong></span> <span class='ocrx_word' id='word_1_112' title='bbox 464 1857 637 1918; x_wconf 87' lang='lat' dir='ltr'><strong>thesaurum</strong></span> <span class='ocrx_word' id='word_1_113' title='bbox 652 1861 814 1938; x_wconf 79' lang='lat' dir='ltr'><strong>patefaciat</strong></span> <span class='ocrx_word' id='word_1_114' title='bbox 824 1877 841 1929; x_wconf 82' lang='lat'><strong>3·</strong></span> <span class='ocrx_word' id='word_1_115' title='bbox 855 1867 886 1916; x_wconf 89' lang='lat' dir='ltr'><strong>at</strong></span> <span class='ocrx_word' id='word_1_116' title='bbox 900 1860 931 1917; x_wconf 89' lang='lat' dir='ltr'><strong>in</strong></span> <span class='ocrx_word' id='word_1_117' title='bbox 946 1867 1067 1937; x_wconf 87' lang='lat' dir='ltr'><strong>pectore</strong></span> <span class='ocrx_word' id='word_1_118' title='bbox 1084 1867 1219 1918; x_wconf 83' lang='lat' dir='ltr'><strong>aestuant</strong></span> 
     </span>
     <span class='ocr_line' id='line_1_17' title="bbox 191 1943 1219 2024; baseline -0.003 -18"><span class='ocrx_word' id='word_1_119' title='bbox 191 1945 314 2006; x_wconf 77' lang='lat' dir='ltr'><strong>affectus</strong></span> <span class='ocrx_word' id='word_1_120' title='bbox 336 1953 370 2003; x_wconf 89' lang='lat' dir='ltr'><strong>ut</strong></span> <span class='ocrx_word' id='word_1_121' title='bbox 391 1947 476 2024; x_wconf 87' lang='lat' dir='ltr'><strong>ignes</strong></span> <span class='ocrx_word' id='word_1_122' title='bbox 492 1946 621 2004; x_wconf 76' lang='lat' dir='ltr'><strong>Aetnaei</strong></span> <span class='ocrx_word' id='word_1_123' title='bbox 644 1945 699 2005; x_wconf 88' lang='lat' dir='ltr'><strong>sub</strong></span> <span class='ocrx_word' id='word_1_124' title='bbox 723 1947 853 2023; x_wconf 83' lang='lat' dir='ltr'><strong>tegmine</strong></span> <span class='ocrx_word' id='word_1_125' title='bbox 868 1945 952 2002; x_wconf 82' lang='lat' dir='ltr'><strong>nivis</strong></span> <span class='ocrx_word' id='word_1_126' title='bbox 964 1952 994 2003; x_wconf 89' lang='grc' dir='ltr'><strong>ιι</strong></span> <span class='ocrx_word' id='word_1_127' title='bbox 1009 1945 1125 2023; x_wconf 81' lang='lat' dir='ltr'><strong>glaciei.</strong></span> <span class='ocrx_word' id='word_1_128' title='bbox 1162 1943 1219 2004; x_wconf 87' lang='lat' dir='ltr'><strong>Ubi</strong></span> 
     </span>
     <span class='ocr_line' id='line_1_18' title="bbox 191 2028 1218 2113; baseline -0.002 -23"><span class='ocrx_word' id='word_1_129' title='bbox 191 2039 290 2091; x_wconf 77' lang='lat' dir='ltr'><strong>aetem</strong></span> <span class='ocrx_word' id='word_1_130' title='bbox 315 2039 513 2113; x_wconf 84' lang='lat' dir='ltr'><strong>prorumpunt</strong></span> <span class='ocrx_word' id='word_1_131' title='bbox 534 2063 577 2072; x_wconf 90' lang='lat'>—</span> <span class='ocrx_word' id='word_1_132' title='bbox 601 2037 713 2110; x_wconf 84' lang='lat' dir='ltr'><strong>quanto</strong></span> <span class='ocrx_word' id='word_1_133' title='bbox 742 2028 871 2110; x_wconf 86' lang='lat' dir='ltr'><strong>impetui</strong></span> <span class='ocrx_word' id='word_1_134' title='bbox 914 2029 1096 2112; x_wconf 84' lang='lat' dir='ltr'><strong>Tranquillo</strong></span> <span class='ocrx_word' id='word_1_135' title='bbox 1123 2033 1218 2090; x_wconf 88' lang='lat' dir='ltr'><strong>animo</strong></span> 
     </span>
     <span class='ocr_line' id='line_1_19' title="bbox 191 2109 1219 2218; baseline -0.001 -41"><span class='ocrx_word' id='word_1_136' title='bbox 191 2109 238 2198; x_wconf 88' lang='lat' dir='ltr'><strong>(ut</strong></span> <span class='ocrx_word' id='word_1_137' title='bbox 261 2112 430 2218; x_wconf 83' lang='lat' dir='ltr'><strong>videbatur)</strong></span> <span class='ocrx_word' id='word_1_138' title='bbox 460 2139 477 2176; x_wconf 88' lang='lat' dir='ltr'><strong>a</strong></span> <span class='ocrx_word' id='word_1_139' title='bbox 504 2118 650 2196; x_wconf 86' lang='lat' dir='ltr'><strong>principio</strong></span> <span class='ocrx_word' id='word_1_140' title='bbox 679 2117 797 2178; x_wconf 83' lang='lat' dir='ltr'><strong>fabulae</strong></span> <span class='ocrx_word' id='word_1_141' title='bbox 827 2114 865 2178; x_wconf 89' lang='grc' dir='ltr'><strong>Ο.</strong></span> <span class='ocrx_word' id='word_1_142' title='bbox 890 2116 923 2176; x_wconf 78' lang='lat' dir='ltr'><strong>C.</strong></span> <span class='ocrx_word' id='word_1_143' title='bbox 947 2115 1101 2196; x_wconf 80' lang='lat' dir='ltr'><strong>hueusque</strong></span> <span class='ocrx_word' id='word_1_144' title='bbox 1131 2117 1219 2176; x_wconf 88' lang='lat' dir='ltr'><strong>medi-</strong></span> 
     </span>
     <span class='ocr_line' id='line_1_20' title="bbox 190 2200 1217 2284; baseline -0.002 -22"><span class='ocrx_word' id='word_1_145' title='bbox 190 2211 254 2262; x_wconf 88' lang='lat' dir='ltr'><strong>tata</strong></span> <span class='ocrx_word' id='word_1_146' title='bbox 276 2223 365 2284; x_wconf 84' lang='lat' dir='ltr'><strong>quam</strong></span> <span class='ocrx_word' id='word_1_147' title='bbox 387 2200 553 2283; x_wconf 75' lang='lat' dir='ltr'><strong>impetuose</strong></span> <span class='ocrx_word' id='word_1_148' title='bbox 576 2218 594 2261; x_wconf 88' lang='lat' dir='ltr'><strong>a</strong></span> <span class='ocrx_word' id='word_1_149' title='bbox 614 2212 645 2266; x_wconf 73' lang='grc' dir='ltr'><strong>ιι.</strong></span> <span class='ocrx_word' id='word_1_150' title='bbox 664 2206 724 2263; x_wconf 72' lang='lat'><strong>237</strong></span> <span class='ocrx_word' id='word_1_151' title='bbox 748 2217 853 2283; x_wconf 86' lang='lat' dir='ltr'><strong>preces</strong></span> <span class='ocrx_word' id='word_1_152' title='bbox 881 2201 920 2262; x_wconf 86' lang='lat' dir='ltr'><strong>ad</strong></span> <span class='ocrx_word' id='word_1_153' title='bbox 948 2201 1069 2262; x_wconf 82' lang='lat' dir='ltr'><strong>choram</strong></span> <span class='ocrx_word' id='word_1_154' title='bbox 1098 2204 1217 2264; x_wconf 85' lang='lat' dir='ltr'><strong>emittit!</strong></span> 
     </span>
     <span class='ocr_line' id='line_1_21' title="bbox 189 2285 1217 2360; baseline 0.002 -14"><span class='ocrx_word' id='word_1_155' title='bbox 189 2285 226 2347; x_wconf 92' lang='lat' dir='ltr'><strong>In</strong></span> <span class='ocrx_word' id='word_1_156' title='bbox 254 2289 313 2348; x_wconf 83' lang='lat' dir='ltr'><strong>fab</strong></span> <span class='ocrx_word' id='word_1_157' title='bbox 343 2289 432 2360; x_wconf 79' lang='lat' dir='ltr'><strong>Ant,</strong></span> <span class='ocrx_word' id='word_1_158' title='bbox 467 2289 537 2348; x_wconf 90' lang='lat' dir='ltr'><strong>dum</strong></span> <span class='ocrx_word' id='word_1_159' title='bbox 566 2290 596 2348; x_wconf 88' lang='lat' dir='ltr'><strong>ei</strong></span> <span class='ocrx_word' id='word_1_160' title='bbox 621 2309 669 2348; x_wconf 87' lang='lat' dir='ltr'><strong>res</strong></span> <span class='ocrx_word' id='word_1_161' title='bbox 698 2299 745 2349; x_wconf 82' lang='lat' dir='ltr'><strong>est</strong></span> <span class='ocrx_word' id='word_1_162' title='bbox 777 2308 843 2348; x_wconf 92' lang='lat' dir='ltr'><strong>cnm</strong></span> <span class='ocrx_word' id='word_1_163' title='bbox 874 2289 1004 2348; x_wconf 80' lang='lat' dir='ltr'><strong>Creonte</strong></span> <span class='ocrx_word' id='word_1_164' title='bbox 1032 2297 1064 2347; x_wconf 89' lang='grc' dir='ltr'><strong>ιι</strong></span> <span class='ocrx_word' id='word_1_165' title='bbox 1092 2289 1217 2360; x_wconf 82' lang='lat' dir='ltr'><strong>Ismene</strong></span> 
     </span>
     <span class='ocr_line' id='line_1_22' title="bbox 191 2373 1218 2476; baseline 0 -44"><span class='ocrx_word' id='word_1_166' title='bbox 191 2373 273 2454; x_wconf 88' lang='lat' dir='ltr'><strong>quiet</strong></span> <span class='ocrx_word' id='word_1_167' title='bbox 274 2395 292 2432; x_wconf 87' lang='lat' dir='ltr'><strong>a</strong></span> <span class='ocrx_word' id='word_1_168' title='bbox 314 2384 415 2434; x_wconf 89' lang='lat' dir='ltr'><strong>manet</strong></span> <span class='ocrx_word' id='word_1_169' title='bbox 437 2375 529 2454; x_wconf 82' lang='lat' dir='ltr'><strong>atque</strong></span> <span class='ocrx_word' id='word_1_170' title='bbox 552 2375 688 2475; x_wconf 84' lang='lat' dir='ltr'><strong>abrupta,</strong></span> <span class='ocrx_word' id='word_1_171' title='bbox 713 2377 801 2476; x_wconf 74' lang='lat' dir='ltr'><strong>quasi</strong></span> <span class='ocrx_word' id='word_1_172' title='bbox 821 2377 968 2436; x_wconf 86' lang='lat' dir='ltr'><strong>nerninem</strong></span> <span class='ocrx_word' id='word_1_173' title='bbox 991 2376 1048 2434; x_wconf 81' lang='lat' dir='ltr'><strong>nisi</strong></span> <span class='ocrx_word' id='word_1_174' title='bbox 1071 2377 1218 2454; x_wconf 81' lang='lat' dir='ltr'><strong>seipsam</strong></span> 
     </span>
     <span class='ocr_line' id='line_1_23' title="bbox 190 2459 1218 2541; baseline -0.003 -21"><span class='ocrx_word' id='word_1_175' title='bbox 190 2460 341 2538; x_wconf 80' lang='lat' dir='ltr'><strong>dignetur,</strong></span> <span class='ocrx_word' id='word_1_176' title='bbox 372 2482 500 2541; x_wconf 88' lang='lat' dir='ltr'><strong>quocum</strong></span> <span class='ocrx_word' id='word_1_177' title='bbox 529 2461 566 2520; x_wconf 86' lang='lat' dir='ltr'><strong>de</strong></span> <span class='ocrx_word' id='word_1_178' title='bbox 595 2463 694 2522; x_wconf 86' lang='lat' dir='ltr'><strong>animo</strong></span> <span class='ocrx_word' id='word_1_179' title='bbox 722 2462 824 2520; x_wconf 87' lang='lat' dir='ltr'><strong>intimo</strong></span> <span class='ocrx_word' id='word_1_180' title='bbox 854 2461 1051 2540; x_wconf 86' lang='lat' dir='ltr'><strong>colloquatur.</strong></span> <span class='ocrx_word' id='word_1_181' title='bbox 1097 2459 1159 2520; x_wconf 86' lang='lat' dir='ltr'><strong>Sed</strong></span> <span class='ocrx_word' id='word_1_182' title='bbox 1187 2469 1218 2518; x_wconf 90' lang='lat' dir='ltr'><strong>nt</strong></span> 
     </span>
     <span class='ocr_line' id='line_1_24' title="bbox 189 2545 1248 2627; baseline 0 -23"><span class='ocrx_word' id='word_1_183' title='bbox 189 2547 284 2625; x_wconf 88' lang='lat' dir='ltr'><strong>prima</strong></span> <span class='ocrx_word' id='word_1_184' title='bbox 306 2567 407 2606; x_wconf 88' lang='lat' dir='ltr'><strong>secum</strong></span> <span class='ocrx_word' id='word_1_185' title='bbox 428 2549 494 2627; x_wconf 87' lang='lat' dir='ltr'><strong>ipsa</strong></span> <span class='ocrx_word' id='word_1_186' title='bbox 516 2545 608 2606; x_wconf 88' lang='lat' dir='ltr'><strong>verba</strong></span> <span class='ocrx_word' id='word_1_187' title='bbox 630 2548 716 2619; x_wconf 85' lang='lat' dir='ltr'><strong>facit,</strong></span> <span class='ocrx_word' id='word_1_188' title='bbox 747 2567 782 2606; x_wconf 89' lang='grc' dir='ltr'><strong>ιο</strong></span> <span class='ocrx_word' id='word_1_189' title='bbox 805 2547 1012 2608; x_wconf 83' lang='lat' dir='ltr'><strong>vehementius</strong></span> <span class='ocrx_word' id='word_1_190' title='bbox 1035 2547 1149 2606; x_wconf 87' lang='lat' dir='ltr'><strong>tamdiu</strong></span> <span class='ocrx_word' id='word_1_191' title='bbox 1172 2567 1217 2606; x_wconf 84' lang='lat' dir='ltr'><strong>eo·</strong></span> <span class='ocrx_word' id='word_1_192' title='bbox 1247 2619 1248 2622; x_wconf 7' lang='grc' dir='ltr'><strong>Ἴ</strong></span> 
     </span>
     <span class='ocr_line' id='line_1_25' title="bbox 189 2631 739 2713; baseline 0.004 -23"><span class='ocrx_word' id='word_1_193' title='bbox 189 2631 281 2691; x_wconf 88' lang='lat' dir='ltr'><strong>hibita</strong></span> <span class='ocrx_word' id='word_1_194' title='bbox 303 2643 463 2713; x_wconf 86' lang='lat' dir='ltr'><strong>erumpunt</strong></span> <span class='ocrx_word' id='word_1_195' title='bbox 484 2633 557 2692; x_wconf 88' lang='lat' dir='ltr'><strong>Ant.</strong></span> <span class='ocrx_word' id='word_1_196' title='bbox 574 2635 637 2692; x_wconf 78' lang='lat'><strong>806</strong></span> <span class='ocrx_word' id='word_1_197' title='bbox 654 2654 739 2713; x_wconf 85' lang='lat' dir='ltr'><strong>seqq.</strong></span> 
     </span>
    </p>

    <p class='ocr_par' dir='ltr' id='par_1_5' title="bbox 275 2716 973 2797">
     <span class='ocr_line' id='line_1_26' title="bbox 275 2716 973 2797; baseline 0.001 -19"><span class='ocrx_word' id='word_1_198' title='bbox 275 2716 349 2797; x_wconf 73' lang='lat' dir='ltr'><strong>Sing</strong></span> <span class='ocrx_word' id='word_1_199' title='bbox 350 2719 466 2778; x_wconf 82' lang='lat' dir='ltr'><strong>alerem</strong></span> <span class='ocrx_word' id='word_1_200' title='bbox 488 2737 587 2778; x_wconf 90' lang='lat' dir='ltr'><strong>rerum</strong></span> <span class='ocrx_word' id='word_1_201' title='bbox 610 2727 878 2778; x_wconf 83' lang='grc' dir='ltr'>ιοιιιιιιιιιιοιιιιιιιι·</span> <span class='ocrx_word' id='word_1_202' title='bbox 900 2720 973 2780; x_wconf 86' lang='lat' dir='ltr'><strong>hae·</strong></span> 
     </span>
    </p>

    <p class='ocr_par' dir='ltr' id='par_1_6' title="bbox 232 2741 905 2972">
     <span class='ocr_line' id='line_1_27' title="bbox 232 2741 905 2896; baseline -0.003 -30"><span class='ocrx_word' id='word_1_203' title='bbox 232 2799 269 2866; x_wconf 88' lang='lat'>0</span> <span class='ocrx_word' id='word_1_204' title='bbox 287 2801 320 2867; x_wconf 80' lang='lat' dir='ltr'><strong>(l</strong></span> <span class='ocrx_word' id='word_1_205' title='bbox 329 2741 395 2865; x_wconf 77' lang='lat' dir='ltr'><strong>g201</strong></span> <span class='ocrx_word' id='word_1_206' title='bbox 421 2795 541 2884; x_wconf 76' lang='grc' dir='ltr'><em>γεραὸν</em></span> <span class='ocrx_word' id='word_1_207' title='bbox 562 2799 595 2876; x_wconf 72' lang='grc' dir='ltr'><strong>ἐς</strong></span> <span class='ocrx_word' id='word_1_208' title='bbox 616 2802 698 2885; x_wconf 73' lang='grc' dir='ltr'><strong><em>χέρα</em></strong></span> <span class='ocrx_word' id='word_1_209' title='bbox 720 2800 821 2896; x_wconf 72' lang='grc' dir='ltr'><em>σῶμα</em></span> <span class='ocrx_word' id='word_1_210' title='bbox 845 2796 905 2866; x_wconf 78' lang='grc' dir='ltr'><strong>σὸν</strong></span> 
     </span>
     <span class='ocr_line' id='line_1_28' title="bbox 419 2879 858 2972; baseline -0.005 -21"><span class='ocrx_word' id='word_1_211' title='bbox 419 2879 782 2972; x_wconf 61' lang='lat' dir='ltr'><strong>apostaticarum</strong></span> <span class='ocrx_word' id='word_1_212' title='bbox 765 2885 858 2968; x_wconf 70' lang='lat' dir='ltr'><strong>sudu</strong></span> 
     </span>
    </p>

    <p class='ocr_par' dir='ltr' id='par_1_7' title="bbox 125 2975 1247 3575">
     <span class='ocr_line' id='line_1_29' title="bbox 275 2975 1247 3058; baseline 0.002 -23"><span class='ocrx_word' id='word_1_213' title='bbox 275 2977 385 3036; x_wconf 86' lang='lat' dir='ltr'><strong>Videas</strong></span> <span class='ocrx_word' id='word_1_214' title='bbox 413 2979 502 3036; x_wconf 88' lang='lat' dir='ltr'><strong>velim</strong></span> <span class='ocrx_word' id='word_1_215' title='bbox 529 2979 633 3036; x_wconf 85' lang='lat' dir='ltr'><strong>miram</strong></span> <span class='ocrx_word' id='word_1_216' title='bbox 661 2978 911 3058; x_wconf 84' lang='lat' dir='ltr'><strong>pulchritudinem</strong></span> <span class='ocrx_word' id='word_1_217' title='bbox 944 2977 1034 3054; x_wconf 83' lang='lat' dir='ltr'><strong>hujus</strong></span> <span class='ocrx_word' id='word_1_218' title='bbox 1061 2975 1247 3058; x_wconf 82' lang='lat' dir='ltr'><strong>participii</strong></span> 
     </span>
     <span class='ocr_line' id='line_1_30' title="bbox 189 3062 1217 3146; baseline 0.001 -24"><span class='ocrx_word' id='word_1_219' title='bbox 189 3063 270 3143; x_wconf 89' lang='lat' dir='ltr'><strong>quod</strong></span> <span class='ocrx_word' id='word_1_220' title='bbox 298 3062 418 3124; x_wconf 86' lang='lat' dir='ltr'><strong>adhibet</strong></span> <span class='ocrx_word' id='word_1_221' title='bbox 446 3063 497 3122; x_wconf 88' lang='lat' dir='ltr'><strong>illa</strong></span> <span class='ocrx_word' id='word_1_222' title='bbox 524 3062 589 3123; x_wconf 91' lang='lat' dir='ltr'><strong>loco</strong></span> <span class='ocrx_word' id='word_1_223' title='bbox 618 3066 793 3146; x_wconf 82' lang='lat' dir='ltr'><strong>imperativi.</strong></span> <span class='ocrx_word' id='word_1_224' title='bbox 839 3064 916 3122; x_wconf 84' lang='lat' dir='ltr'><strong>Nam</strong></span> <span class='ocrx_word' id='word_1_225' title='bbox 943 3071 1104 3143; x_wconf 88' lang='lat' dir='ltr'><strong>postquam</strong></span> <span class='ocrx_word' id='word_1_226' title='bbox 1131 3067 1217 3142; x_wconf 83' lang='lat' dir='ltr'><strong>patri,</strong></span> 
     </span>
     <span class='ocr_line' id='line_1_31' title="bbox 210 3150 1218 3230; baseline 0.001 -22"><span class='ocrx_word' id='word_1_227' title='bbox 210 3151 315 3228; x_wconf 86' lang='lat' dir='ltr'><strong>ropriis</strong></span> <span class='ocrx_word' id='word_1_228' title='bbox 338 3150 480 3210; x_wconf 85' lang='lat' dir='ltr'><strong>viribus</strong></span> <span class='ocrx_word' id='word_1_229' title='bbox 473 3171 503 3208; x_wconf 86' lang='grc' dir='ltr'><strong>ιιι</strong></span> <span class='ocrx_word' id='word_1_230' title='bbox 526 3169 632 3210; x_wconf 84' lang='lat' dir='ltr'><strong>saxum</strong></span> <span class='ocrx_word' id='word_1_231' title='bbox 648 3151 805 3210; x_wconf 84' lang='lat' dir='ltr'><strong>considere</strong></span> <span class='ocrx_word' id='word_1_232' title='bbox 821 3151 949 3220; x_wconf 81' lang='lat' dir='ltr'><strong>conanti,</strong></span> <span class='ocrx_word' id='word_1_233' title='bbox 974 3167 1040 3208; x_wconf 89' lang='lat' dir='ltr'><strong>cum</strong></span> <span class='ocrx_word' id='word_1_234' title='bbox 1056 3151 1218 3230; x_wconf 87' lang='lat' dir='ltr'><strong>asperitate</strong></span> 
     </span>
     <span class='ocr_line' id='line_1_32' title="bbox 188 3170 1219 3316; baseline 0.005 -23"><span class='ocrx_word' id='word_1_235' title='bbox 188 3170 323 3316; x_wconf 58' lang='lat' dir='ltr'><strong>deessem</strong></span> <span class='ocrx_word' id='word_1_236' title='bbox 351 3255 479 3316; x_wconf 84' lang='lat' dir='ltr'><strong>quaeras</strong></span> <span class='ocrx_word' id='word_1_237' title='bbox 507 3238 538 3295; x_wconf 93' lang='lat' dir='ltr'><strong>in</strong></span> <span class='ocrx_word' id='word_1_238' title='bbox 559 3257 589 3299; x_wconf 91' lang='lat' dir='ltr'><strong>v.</strong></span> <span class='ocrx_word' id='word_1_239' title='bbox 612 3233 673 3315; x_wconf 84' lang='grc'><strong>22)</strong></span> <span class='ocrx_word' id='word_1_240' title='bbox 704 3235 794 3295; x_wconf 87' lang='lat' dir='ltr'><strong>dixit:</strong></span> <span class='ocrx_word' id='word_1_241' title='bbox 829 3227 951 3316; x_wconf 76' lang='grc' dir='ltr'>πάτερ,</span> <span class='ocrx_word' id='word_1_242' title='bbox 980 3226 1077 3312; x_wconf 75' lang='grc' dir='ltr'><strong>ἐμὸν</strong></span> <span class='ocrx_word' id='word_1_243' title='bbox 1072 3234 1155 3298; x_wconf 78' lang='grc' dir='ltr'><em>τόδ’</em></span> <span class='ocrx_word' id='word_1_244' title='bbox 1178 3267 1219 3278; x_wconf 90' lang='lat'><em>-</em></span> 
     </span>
     <span class='ocr_line' id='line_1_33' title="bbox 189 3321 1218 3404; baseline -0.001 -23"><span class='ocrx_word' id='word_1_245' title='bbox 189 3322 302 3393; x_wconf 77' lang='lat' dir='ltr'><strong>statim,</strong></span> <span class='ocrx_word' id='word_1_246' title='bbox 331 3341 369 3380; x_wconf 92' lang='lat' dir='ltr'><strong>ue</strong></span> <span class='ocrx_word' id='word_1_247' title='bbox 392 3324 522 3384; x_wconf 86' lang='lat' dir='ltr'><strong>animum</strong></span> <span class='ocrx_word' id='word_1_248' title='bbox 545 3323 610 3400; x_wconf 85' lang='lat' dir='ltr'><strong>ejus</strong></span> <span class='ocrx_word' id='word_1_249' title='bbox 633 3323 754 3382; x_wconf 86' lang='lat' dir='ltr'><strong>laeserit</strong></span> <span class='ocrx_word' id='word_1_250' title='bbox 777 3321 916 3393; x_wconf 84' lang='lat' dir='ltr'><strong>sollicita,</strong></span> <span class='ocrx_word' id='word_1_251' title='bbox 946 3324 1042 3381; x_wconf 89' lang='lat' dir='ltr'><strong>nescit</strong></span> <span class='ocrx_word' id='word_1_252' title='bbox 1067 3323 1218 3404; x_wconf 85' lang='lat' dir='ltr'><strong>quomode</strong></span> 
     </span>
     <span class='ocr_line' id='line_1_34' title="bbox 188 3407 1217 3490; baseline 0 -24"><span class='ocrx_word' id='word_1_253' title='bbox 188 3407 329 3486; x_wconf 87' lang='lat' dir='ltr'><strong>loquatur</strong></span> <span class='ocrx_word' id='word_1_254' title='bbox 356 3408 521 3482; x_wconf 85' lang='lat' dir='ltr'><strong>lenissime,</strong></span> <span class='ocrx_word' id='word_1_255' title='bbox 549 3409 653 3486; x_wconf 88' lang='lat' dir='ltr'><strong>itaque</strong></span> <span class='ocrx_word' id='word_1_256' title='bbox 682 3427 749 3467; x_wconf 90' lang='lat' dir='ltr'><strong>eum</strong></span> <span class='ocrx_word' id='word_1_257' title='bbox 779 3407 917 3466; x_wconf 86' lang='lat' dir='ltr'><strong>adhortat</strong></span> <span class='ocrx_word' id='word_1_258' title='bbox 905 3416 954 3466; x_wconf 89' lang='lat' dir='ltr'><strong>tur</strong></span> <span class='ocrx_word' id='word_1_259' title='bbox 982 3411 1137 3490; x_wconf 76' lang='lat' dir='ltr'><strong>participio</strong></span> <span class='ocrx_word' id='word_1_260' title='bbox 1168 3409 1217 3468; x_wconf 87' lang='lat' dir='ltr'><strong>ille</strong></span> 
     </span>
     <span class='ocr_line' id='line_1_35' title="bbox 125 3483 518 3575; baseline 0.013 -24"><span class='ocrx_word' id='word_1_261' title='bbox 125 3511 129 3522; x_wconf 70' lang='grc'><em>’</em></span> <span class='ocrx_word' id='word_1_262' title='bbox 189 3493 282 3552; x_wconf 88' lang='lat' dir='ltr'><strong>relato</strong></span> <span class='ocrx_word' id='word_1_263' title='bbox 306 3485 380 3553; x_wconf 86' lang='lat' dir='ltr'><strong>ad‘</strong></span> <span class='ocrx_word' id='word_1_264' title='bbox 366 3483 518 3575; x_wconf 67' lang='lat' dir='ltr'><strong>deponat.</strong></span> 
     </span>
    </p>

    <p class='ocr_par' dir='ltr' id='par_1_8' title="bbox 272 3579 934 3680">
     <span class='ocr_line' id='line_1_36' title="bbox 272 3579 934 3680; baseline -0.002 -40"><span class='ocrx_word' id='word_1_265' title='bbox 272 3579 320 3640; x_wconf 91' lang='lat' dir='ltr'><strong>De</strong></span> <span class='ocrx_word' id='word_1_266' title='bbox 343 3581 433 3640; x_wconf 87' lang='lat' dir='ltr'><strong>animi</strong></span> <span class='ocrx_word' id='word_1_267' title='bbox 454 3584 520 3660; x_wconf 86' lang='lat' dir='ltr'><strong>ejus</strong></span> <span class='ocrx_word' id='word_1_268' title='bbox 545 3580 733 3640; x_wconf 86' lang='lat' dir='ltr'><strong>contumacia</strong></span> <span class='ocrx_word' id='word_1_269' title='bbox 756 3580 934 3680; x_wconf 84' lang='lat' dir='ltr'><strong>fastidioque</strong></span> 
     </span>
    </p>

    <p class='ocr_par' dir='ltr' id='par_1_9' title="bbox 231 3654 1018 3766">
     <span class='ocr_line' id='line_1_37' title="bbox 231 3654 1018 3766; baseline -0.001 -38"><span class='ocrx_word' id='word_1_270' title='bbox 231 3665 303 3728; x_wconf 83' lang='lat' dir='ltr'><strong>Ant.</strong></span> <span class='ocrx_word' id='word_1_271' title='bbox 320 3667 382 3726; x_wconf 85' lang='lat'><strong>443</strong></span> <span class='ocrx_word' id='word_1_272' title='bbox 406 3665 551 3743; x_wconf 81' lang='lat' dir='ltr'><strong>(Creon.</strong></span> <span class='ocrx_word' id='word_1_273' title='bbox 576 3657 642 3766; x_wconf 78' lang='grc' dir='ltr'><strong>φῂς</strong></span> <span class='ocrx_word' id='word_1_274' title='bbox 663 3654 682 3750; x_wconf 74' lang='grc' dir='ltr'>ἢ</span> <span class='ocrx_word' id='word_1_275' title='bbox 705 3669 864 3744; x_wconf 76' lang='grc' dir='ltr'><em>καταρνεῖ</em></span> <span class='ocrx_word' id='word_1_276' title='bbox 882 3685 976 3752; x_wconf 74' lang='lat' dir='ltr'><strong>paq..</strong></span> <span class='ocrx_word' id='word_1_277' title='bbox 968 3660 1018 3745; x_wconf 82' lang='grc'><strong>..)</strong></span> 
     </span>
    </p>

    <p class='ocr_par' dir='ltr' id='par_1_10' title="bbox 274 3741 1184 3838">
     <span class='ocr_line' id='line_1_38' title="bbox 274 3741 1184 3838; baseline 0.001 -27"><span class='ocrx_word' id='word_1_278' title='bbox 274 3753 357 3815; x_wconf 78' lang='lat' dir='ltr'><strong>Ant</strong></span> <span class='ocrx_word' id='word_1_279' title='bbox 381 3751 438 3814; x_wconf 78' lang='lat' dir='ltr'><strong>acl</strong></span> <span class='ocrx_word' id='word_1_280' title='bbox 460 3753 548 3838; x_wconf 80' lang='grc' dir='ltr'><strong><em>φημὶ</em></strong></span> <span class='ocrx_word' id='word_1_281' title='bbox 571 3749 702 3833; x_wconf 81' lang='grc' dir='ltr'>δρᾶσαι,</span> <span class='ocrx_word' id='word_1_282' title='bbox 727 3745 796 3813; x_wconf 79' lang='grc' dir='ltr'><strong>κὀὖ</strong></span> <span class='ocrx_word' id='word_1_283' title='bbox 819 3747 1044 3833; x_wconf 68' lang='lat' dir='ltr'><strong>aucupantium</strong></span> <span class='ocrx_word' id='word_1_284' title='bbox 1067 3741 1104 3813; x_wconf 83' lang='lat' dir='ltr'><strong>ed</strong></span> <span class='ocrx_word' id='word_1_285' title='bbox 1127 3750 1184 3835; x_wconf 77' lang='grc' dir='ltr'><strong>μή</strong></span> 
     </span>
    </p>

    <p class='ocr_par' dir='ltr' id='par_1_11' title="bbox 188 3833 1215 4008">
     <span class='ocr_line' id='line_1_39' title="bbox 188 3833 1215 3946; baseline 0.003 -50"><span class='ocrx_word' id='word_1_286' title='bbox 188 3837 265 3898; x_wconf 81' lang='lat' dir='ltr'><strong>Nam</strong></span> <span class='ocrx_word' id='word_1_287' title='bbox 278 3841 361 3918; x_wconf 90' lang='lat' dir='ltr'><strong>prius</strong></span> <span class='ocrx_word' id='word_1_288' title='bbox 376 3833 432 3900; x_wconf 84' lang='grc' dir='ltr'><strong>καὶ</strong></span> <span class='ocrx_word' id='word_1_289' title='bbox 447 3847 493 3898; x_wconf 87' lang='lat' dir='ltr'><strong>est</strong></span> <span class='ocrx_word' id='word_1_290' title='bbox 508 3837 733 3946; x_wconf 74' lang='lat' dir='ltr'><strong>elletblngt,</strong></span> <span class='ocrx_word' id='word_1_291' title='bbox 757 3860 815 3921; x_wconf 89' lang='lat' dir='ltr'><strong>neq</strong></span> <span class='ocrx_word' id='word_1_292' title='bbox 817 3857 855 3898; x_wconf 91' lang='lat' dir='ltr'><strong>ue</strong></span> <span class='ocrx_word' id='word_1_293' title='bbox 797 3839 1059 3940; x_wconf 86' lang='lat' dir='ltr'><strong>qposteriori</strong></span> <span class='ocrx_word' id='word_1_294' title='bbox 1043 3849 1215 3919; x_wconf 80' lang='lat' dir='ltr'><strong>aequatum</strong></span> 
     </span>
     <span class='ocr_line' id='line_1_40' title="bbox 231 3907 1158 4008; baseline 0.004 -26"><span class='ocrx_word' id='word_1_295' title='bbox 231 3917 303 3987; x_wconf 84' lang='grc' dir='ltr'>Αἰιι.</span> <span class='ocrx_word' id='word_1_296' title='bbox 319 3927 382 3986; x_wconf 82' lang='grc'><strong>448</strong></span> <span class='ocrx_word' id='word_1_297' title='bbox 405 3917 485 4008; x_wconf 79' lang='grc' dir='ltr'><strong>ᾔδη,</strong></span> <span class='ocrx_word' id='word_1_298' title='bbox 509 3927 544 3987; x_wconf 78' lang='grc' dir='ltr'><strong>τί</strong></span> <span class='ocrx_word' id='word_1_299' title='bbox 565 3915 665 3988; x_wconf 75' lang='grc' dir='ltr'><strong>δὀὐκ</strong></span> <span class='ocrx_word' id='word_1_300' title='bbox 688 3922 843 4006; x_wconf 67' lang='grc' dir='ltr'>ἔμιλλονι</span> <span class='ocrx_word' id='word_1_301' title='bbox 867 3939 999 4008; x_wconf 75' lang='grc' dir='ltr'>ιμφαιιη</span> <span class='ocrx_word' id='word_1_302' title='bbox 1023 3907 1158 4006; x_wconf 66' lang='grc' dir='ltr'><strong><em>γὰρῆν.</em></strong></span> 
     </span>
    </p>
   </div>
   <div class='ocr_carea' id='block_1_4' title="bbox 0 0 1270 4444">
    <p class='ocr_par' dir='ltr' id='par_1_12' title="bbox 0 0 1270 4444">
     <span class='ocr_line' id='line_1_41' title="bbox 0 0 1270 4444; baseline 0 1"><span class='ocrx_word' id='word_1_303' title='bbox 0 0 1270 4444; x_wconf 95' lang='lat' dir='ltr'><strong> </strong></span> 
     </span>
    </p>
   </div>
  </div>
 </body>
</html>
