2530 4444
601 247 813 306 ...16-

677 479 684 492 .
709 437 759 496 22.

253 531 365 596 Oratio
388 513 405 595 e
426 535 558 616 sinJulis
576 434 724 616 persdnis
746 538 930 598 illustratur.
974 537 1004 600 Ε
1025 536 1164 603 Creonte

285 639 321 698 In
345 639 465 701 Creont
444 650 482 699 trs
504 649 612 700 natura
632 643 760 702 maxime
783 643 913 701 eminent
933 642 1107 718 insolentia,
1130 648 1239 706 insul-

197 727 285 798 tatio,
321 727 482 798 simulatio,
518 747 596 805 quae
624 729 757 786 serviunt
746 729 946 788 tambitioni
991 729 1172 816 Proprium
1177 742 1221 793 est

101 871 107 886 ,
197 812 265 872 talis
288 811 404 885 indolis,
427 821 461 871 ut
484 812 520 872 ad
542 814 653 872 formas
676 815 799 874 aliorum
815 834 846 874 se
862 816 990 896 applicet
1012 805 1064 894 (cl.
1087 815 1222 880 πλέκειν

184 891 252 982 Ιοιαὶ
273 893 388 976 λόγους
410 892 465 960 καὶ
486 897 659 985 μηχανάς),
690 901 800 984 quippe
829 923 887 984 quo
917 903 1008 964 verba
1035 905 1158 984 propius
1182 905 1220 964 ad

195 983 358 1045 adversarii
372 995 502 1046 mentem
516 988 661 1046 accedent
675 987 871 1090 acerbiusque
886 989 1036 1050 inculcent
1024 997 1080 1048 t.ur
1109 989 1219 1065 Quam-

195 1072 241 1130 vis
270 1069 404 1151 Oedipus
433 1092 488 1132 rex
520 1075 612 1134 iratus
645 1076 847 1155 injuriamque
876 1075 934 1133 sibi
968 1076 1076 1135 tactam
1110 1085 1219 1156 putans

195 1157 323 1237 abrupte
346 1157 494 1238 loquatur,
518 1181 552 1220 ac
573 1161 667 1220 verba
689 1161 778 1220 faciat
801 1161 886 1240 quasi
907 1163 1042 1240 propriiJ
1036 1163 1106 1222 uris
1122 1183 1218 1240 gram·

193 1244 302 1315 erratici,
327 1239 480 1323 (suijuris
505 1248 616 1308 scilicet
638 1247 749 1326 ubique
772 1265 804 1304 se
827 1266 893 1305 esse
917 1245 1019 1318 credit,
1041 1247 1073 1307 id
1096 1247 1179 1328 quod
1193 1250 1219 1308 ei

193 1337 240 1388 est
266 1329 436 1408 perniciei):
476 1332 574 1393 Creon
602 1334 710 1392 nullius
739 1332 844 1411 culpae
872 1333 927 1393 sibi
956 1335 1093 1394 conscius
1122 1353 1218 1414 eoque
1253 1349 1254 1406 J

193 1414 336 1476 audacior
357 1418 454 1478 factus
476 1420 554 1478 illius
576 1419 668 1478 verba
691 1419 846 1478 continuat
869 1415 905 1478 Ο.
921 1441 944 1477 r.
962 1421 1024 1479 557

240 1498 327 1561 Oed
363 1493 538 1573 incedes*
510 1525 539 1603 J
564 1493 792 1578 contusione,
817 1491 980 1606 οἷςχρείη
1002 1499 1077 1583 μ’..

236 1587 364 1649 Creon.
399 1585 465 1652 καὶ
486 1586 544 1650 νῦν
566 1584 617 1651 ἔθ’
629 1579 728 1659 αὑτός
751 1585 819 1667 εἰμι
839 1587 885 1672 τῷ
908 1588 1120 1670 βοολεύματι.

233 1695 263 1734 v.
282 1677 353 1735 624.
377 1673 465 1736 Oed.
503 1670 668 1759 θνήσκειν,
692 1666 731 1736 οὗ
740 1682 871 1786 pereto
893 1692 932 1738 σε
954 1671 1131 1758 βούλομαι.

234 1754 405 1822 (inconst
392 1752 488 1823 όταν
510 1760 691 1862 προδείξῃς
714 1757 788 1825 οἶόν
808 1757 879 1824 ἔστι
901 1757 938 1824 τὸ
960 1761 1115 1844 φθονεῖν.

236 1844 324 1908 Oed.
359 1837 403 1917 οἷς
426 1838 486 1947 οὐχ
507 1837 654 1923 ὖπείξιοο
674 1845 793 1927 λέγειςς

235 1932 363 1994 Creon.
397 1923 437 1994 ὀὗ
459 1925 534 2016 γὰρ
558 1931 747 2016 pecuniarii
769 1934 797 1995 ι’
812 1953 848 1996 ιο
835 1916 994 2016 βλέπω.
1253 2013 1254 2020 ¹

277 2017 454 2080 suffecerint
476 2023 613 2100 exempla
640 2023 791 2101 exscripta
814 2021 852 2080 ad
875 2041 924 2092 ee,
953 2033 1032 2102 quae
1053 2023 1218 2100 significata

189 2105 293 2178 velim,
316 2107 533 2184 cognoscenda
576 2108 652 2166 Item
676 2107 713 2167 cf.
736 2129 765 2166 v.
784 2109 844 2167 565
870 2105 1045 2187 (respondet
1066 2107 1166 2168 Creon
1187 2110 1217 2168 in

190 2203 258 2270 gen
276 2187 354 2272 abs.)
378 2213 406 2250 v.
424 2193 484 2252 628
510 2188 611 2272 (si)v
614 2195 698 2253 ,629
724 2189 804 2273 (gen.
820 2193 985 2273 pend)-

276 2280 313 2338 In
335 2278 438 2338 fabula
459 2279 532 2338 Ant.
554 2279 586 2338 id
607 2280 680 2339 fecit
700 2281 857 2339 rarissime.
895 2279 970 2354 Illic
983 2282 1061 2338 enim
1070 2282 1151 2382 ipse
1172 2289 1217 2339 est

188 2366 337 2444 princeps,
362 2373 392 2422 et
413 2373 448 2423 ut
469 2365 665 2424 Prometheus
686 2366 833 2445 loquitur:
864 2354 953 2434 ἅπας
975 2354 1105 2464 conpos,
1131 2355 1217 2434 conec

189 2440 231 2512 ἂν
250 2447 326 2511 uteo
346 2443 459 2537 κράτη.

591 2523 599 2539 '
646 2553 675 2632 a.
700 2555 750 2616 re.

612 2653 641 2716 Ε
662 2657 788 2720 nuntiis.

170 2773 173 2778 '
277 2759 406 2840 Propria
429 2769 475 2820 est
495 2759 547 2820 illa
560 2758 703 2839 loquendi
718 2760 876 2841 applicatio
892 2762 1070 2832 nuntiorum,
1095 2761 1127 2820 in
1139 2757 1215 2822 Oed.

188 2846 228 2910 R.
250 2867 365 2906 morum
393 2846 622 2924 simplieitatem,
650 2849 681 2908 in
703 2851 774 2908 Ant.
797 2849 1008 2926 procacitatem
1036 2848 1215 2926 exprimens.

189 2931 292 2992 Verba
314 2933 418 2992 rustici
431 2933 518 3002 illius,
541 2934 717 3009 praesertim
732 2953 824 3014 quum
837 2931 997 2992 laetissima
1011 2952 1044 2992 se
1060 2933 1214 2992 nuntiasse

191 3027 291 3098 putet,
315 3019 428 3097 regiam
451 3018 625 3120 dignitatem
647 3019 794 3080 tantulum
817 3029 936 3090 curant,
959 3027 994 3077 ut
1015 3019 1094 3078 bono
1117 3020 1215 3080 animo
1254 3093 1255 3102 ἵ

171 3125 229 3172 ..ιιι
249 3103 474 3167 familiarissime
496 3123 533 3163 ea
553 3105 633 3204 regis
656 3099 838 3166 continuent

192 3187 229 3252 Ο.
246 3211 271 3252 ι.
288 3191 360 3252 963.
384 3187 459 3250 Oed.
481 3181 592 3290 οιὶοοις
614 3212 631 3251 o
622 3178 844 3274 alJ'noo‚‘
819 3207 862 3259 ος
884 3182 998 3266 ἔοικεν,
1022 3184 1159 3288 ἔφθιτο.

181 3321 187 3331 .
342 3276 434 3334 Nunt.
458 3271 513 3337 καὶ
535 3274 579 3356 τῷ
601 3275 720 3373 μακρῷ
742 3265 1214 3391 Jeoopnccooripevosxpdoqr.

187 3383 217 3424 ι.
236 3363 328 3423 1004.
352 3358 429 3424 Oed.
451 3356 505 3423 καὶ
526 3357 594 3463 μὴν
614 3354 709 3440 χάριν
730 3349 805 3440 γάο
827 3353 922 3435 ἀξίαν
943 3358 1056 3462 lepore
1078 3354 1173 3440 ἐμοῦ.

341 3447 434 3510 Nunt.
458 3447 516 3509 aot
537 3441 603 3534 μὴν
624 3443 768 3526 μάλισοα
790 3445 878 3510 τοῦτ’
891 3438 1069 3533 ἀφικομηο.

144 3555 148 3566 ’
169 3531 255 3595 ’Καὶ
276 3523 344 3616 μὴν
365 3551 426 3614 qua
448 3553 514 3595 cum
536 3534 736 3594 familiaritate
756 3553 854 3614 paene
875 3534 999 3595 ridicula
1019 3531 1182 3630 repetitur!

116 3657 120 3690 z
186 3622 327 3683 v..1011
353 3617 430 3682 Oed.
453 3616 566 3719 ταρβῶ
587 3637 623 3699 ye
644 3613 691 3704 μή
713 3640 773 3699 μοι
795 3621 962 3723 Φοῖβος.
976 3612 1118 3703 ‚enoria

172 3728 176 3742 ·
342 3705 434 3766 Nunt.
457 3687 545 3790 JJJ
553 3709 700 3786 μίασμα
722 3700 1005 3792 ιιιῖο....λάβῃς;

186 3808 234 3875 μη
257 3792 370 3872 pendet
385 3811 424 3851 ex
446 3794 589 3875 ταρβεῖς,
613 3793 694 3894 quod
709 3793 765 3854 eibi
779 3795 904 3854 arcessit
917 3813 956 3852 ex
977 3787 1102 3875 ταρβῶ.
1134 3791 1212 3852 ltem

185 3899 216 3939 v.
234 3881 319 3940 1022
343 3873 480 3958 (λαβών)
505 3877 588 3942 1026
611 3869 745 3963 (οὖρόν)
768 3889 840 3945 cett.
