2530 4444
587 252 783 308 ..8.-

168 441 313 520 Aeschyli
340 439 490 520 quandam
519 438 649 498 ostendit
675 456 838 516 omnesque
862 437 918 496 sibi
940 436 1003 494 fere
1026 435 1203 514 aequabiles

169 528 375 608 conspicimus.
427 524 516 600 Quod
550 535 649 582 autem
682 525 713 582 iu
747 523 914 601 Antigona,
950 522 1086 592 Electra,
1122 518 1202 580 Oed.

167 635 238 694 rege
267 613 401 672 acerbius
430 609 543 691 aliquid
572 619 602 669 et
630 609 783 668 obscurius
813 607 1066 678 animadvertunt,
1087 607 1137 666 'ad
1160 608 1201 664 al-

168 708 262 760 teram
279 701 344 777 jam
365 699 463 778 poesis
487 717 559 756 suae
581 704 710 756 aetatem
732 695 788 754 erit
811 694 1002 755 referendum
1010 686 1053 768 *).
1111 715 1144 763 ·‚

466 863 546 916 Stilus
565 865 658 934 duplex
669 863 779 932 fabulae
797 863 899 931 Ajaet‘e.
1138 925 1143 935 .

236 953 262 1020 l)
282 955 365 1006 Stilus
384 953 429 1002 ille
447 951 542 1018 planus
561 956 588 1013 et
600 953 738 1014 oratorius,
757 965 836 1016 quem
848 955 979 1000 extremae
991 940 1080 1014 partes
1092 948 1201 999 fabulae

166 1041 258 1108 Ajacis
283 1039 437 1100 ostendunt,
463 1038 616 1103 posterioris
640 1038 736 1087 aetatis
760 1049 819 1086 esse
843 1033 954 1084 videtur.
993 1034 1128 1100 Berglrius
1155 1035 1202 1084 illa

168 1145 226 1179 esse
251 1127 353 1192 spuria,
377 1125 489 1174 fortasse
507 1115 654 1188 Jophonis,
673 1125 789 1184 censuit,
813 1122 876 1186 ¹mihi
895 1122 1000 1186 quidem
1019 1121 1126 1170 minime
1144 1122 1200 1171 veri

167 1213 260 1265 simile.
292 1211 328 1262 Ut
346 1225 378 1262 ex
395 1227 484 1278 ungue
501 1212 613 1274 leonem,
631 1213 669 1261 ita
688 1203 846 1277 Sophoclem
864 1225 1014 1262 eversuum
1026 1211 1200 1274 unoquoque!

62 1287 64 1292 ,
167 1301 233 1351 Rem
257 1301 295 1348 ita
317 1297 380 1347 mihi
403 1298 531 1363 disposui.
564 1297 666 1366 'Poetae
685 1309 765 1362 quum
783 1297 924 1347 accidisset
941 1300 971 1346 ut
988 1312 1005 1346 a
1021 1297 1106 1360 primo
1124 1297 1200 1346 initio

166 1385 233 1436 illud
250 1385 342 1449 Ajaeis
360 1390 544 1450 argumentum
567 1385 593 1433 in
612 1384 700 1434 fausta
717 1398 797 1432 manu
815 1383 1001 1448 disposuisset,
1025 1382 1143 1432 taedium
1161 1398 1200 1432 re-

89 1455 90 1458 *
166 1475 245 1536 pente
264 1471 334 1534 cepit
352 1471 439 1533 operis
458 1469 663 1519 consummandi.
690 1469 884 1520 Posteriorihus
902 1471 987 1531 annis,
1004 1475 1035 1519 ut
1052 1478 1124 1519 certe
1144 1483 1199 1520 sce·

166 1559 243 1608 nicae
259 1557 416 1606 necessitati
434 1555 549 1619 spatium
566 1554 673 1606 fabulae
688 1555 906 1616 accommodaret,
924 1555 985 1604 lites
997 1555 1057 1605 illas
1069 1555 1102 1604 de
1114 1554 1199 1620 Ajaoe

167 1642 321 1708 sepeliundo
340 1641 419 1690 Musa
436 1641 521 1689 inrita
538 1637 645 1704 adjecit.
680 1640 781 1690 Locum
799 1640 905 1690 fabulae
923 1640 1010 1703 illum,
1032 1642 1078 1705 qui
1097 1625 1199 1704 partem

165 1730 337 1794 posteriorem
361 1743 377 1777 a
398 1727 485 1791 priore
509 1733 644 1792 segreget,
668 1734 739 1777 certo
763 1726 826 1776 mihi
849 1727 1001 1792 conspicere
1023 1727 1115 1780 videor
1137 1727 1197 1777 inde
1233 1791 1234 1794 Ἴ

165 1831 182 1866 a
194 1831 219 1864 v.
232 1811 292 1864 974.
312 1813 399 1864 'lanta
417 1827 476 1862 cum
495 1813 652 1872 constantia,
672 1813 741 1862 sicut
758 1827 824 1876 opus
842 1815 965 1862 accurate
978 1817 1196 1878 coagmentatum,
1233 1861 1234 1886 ἢ

165 1917 279 1966 persona
302 1902 461 1951 Tecmessae
484 1891 617 1963 descripta
639 1897 756 1958 videtur,
783 1905 813 1945 ut
840 1895 966 1946 adstricta
989 1896 1035 1946 illa
1057 1905 1083 1948 et
1104 1915 1196 1962 pressa
1233 1899 1234 1902 ’

165 1997 258 2054 poetae
268 1988 375 2053 juvenis
388 1971 652 2055 ‘npotwttottmt'a
670 1997 686 2032 a
703 1983 865 2033 verbositate
880 1997 1017 2034 scenarum
1032 1987 1195 2048 sequentium
1233 1961 1234 2018 l

165 2077 280 2126 oratoria
301 2072 348 2122 illo
372 2071 431 2120 loco
453 2069 591 2134 perspicue
610 2067 785 2135 disjungatur.
821 2067 891 2130 Quid
909 2072 996 2120 autem
1015 2072 1072 2120 vitii
1090 2072 1195 2122 tandem

166 2165 206 2210 est
224 2163 253 2209 in
270 2157 377 2209 fabulae
395 2155 585 2219 dispositione?
604 2153 700 2205 Nescio
719 2148 815 2216 h'erele,
833 2155 897 2219 quid
915 2155 949 2204 ad
966 2154 1038 2206 illam
1051 2156 1194 2221 dijudican·

166 2247 226 2296 dam
252 2244 345 2294 melius
371 2242 479 2302 faciam,
512 2255 593 2306 quarn
618 2242 771 2291 recentioris
799 2248 893 2306 poetae
922 2229 1038 2293 fabulam
1063 2243 1194 2294 simillima

165 2334 267 2382 ratione
290 2328 444 2393 dispositam
468 2340 527 2376 cum
550 2329 640 2376 nostra
658 2341 815 2390 comparare.
852 2317 953 2377 Juliurn
971 2327 1112 2380 Caesarem
1131 2329 1193 2380 Sha-

164 2417 297 2482 kespearii
320 2415 387 2464 dico.
431 2413 466 2462 Et
490 2411 546 2462 illic
568 2417 595 2462 et
619 2412 689 2477 apud
713 2411 869 2478 Sophoclem
893 2416 978 2479 prima
1002 2431 1116 2480 persona
1139 2417 1193 2482 jam

165 2507 242 2555 tertio
265 2505 327 2553 actu
350 2504 474 2561 exeunte,
497 2499 551 2549 r'ato
576 2515 702 2564 oppressu
725 2501 837 2553 decedit.
873 2503 987 2552 Tantum
1004 2506 1094 2554 uutcm
1112 2504 1193 2566 abest,

164 2596 194 2640 ut
218 2595 329 2652 utraque
352 2586 444 2637 fabula
464 2586 562 2650 primas
587 2601 649 2636 suas
673 2591 762 2651 partes
786 2592 882 2650 mutet,
912 2592 941 2637 nt
963 2589 1099 2653 inpriore
1121 2595 1193 2655 parte

164 2678 300 2742 utriusque
322 2673 431 2738 perinde
443 2672 535 2739 'atque
559 2674 586 2723 in
608 2674 753 2738 posteriore
778 2673 870 2724 eadem
888 2690 992 2740 semper
1010 2691 1123 2742 persona
1138 2693 1192 2727 ma-

163 2767 225 2817 ucat
248 2763 341 2826 prima.
376 2760 407 2809 In
425 2761 544 2810 Britanni
562 2761 653 2811 fabula
670 2760 699 2810 id
717 2759 828 2811 efficitur
847 2761 908 2826 hoc,
933 2764 1004 2829 qnod
1021 2779 1111 2814 manes
1129 2763 1192 2815 Cae·

164 2850 232 2898 saris
256 2848 357 2898 animos
381 2847 576 2897 interfecturum
599 2849 703 2915 agitant
725 2853 751 2900 et
769 2835 811 2900 ¹ita
834 2852 911 2916 quasi
933 2865 1070 2901 nemeseus
1088 2867 1192 2904 munere

163 2935 316 2999 funguntur.
353 2934 423 2983 Tota
441 2932 534 2984 harum
551 2937 665 3000 partium
684 2951 786 2988 summa
803 2939 872 2988 inest
890 2939 917 2988 in
934 2937 1035 2988 verbis:
1065 2939 1191 3005 Philippis

163 3021 213 3071 tihi
235 3018 386 3072 occurram!
404 3047 437 3055 -
455 3019 556 3071 Caesar
579 3022 707 3088 quidquid
724 3025 752 3072 in
770 3024 959 3088 rempublicam
977 3026 1111 3089 peccarit,
1135 3043 1191 3078 san·

162 3109 243 3173 guine
262 3122 316 3182 suo!
326 3106 433 3172 quidem
451 3105 544 3168 abluit,
563 3108 641 3158 simul
659 3113 755 3170 tamen,
773 3109 800 3160 id
812 3110 882 3175 quod
895 3116 1087 3176 exspectamus,
1105 3113 1189 3175 elficit,

162 3187 193 3270 rit
210 3194 391 3244 interfectores
410 3193 473 3243 dent
490 3208 598 3257 poenas.
631 3194 702 3246 Satis
715 3197 812 3262 gravis,
829 3197 929 3261 opinor,
949 3201 1075 3265 cogitatio
1086 3205 1113 3252 et
1125 3215 1190 3266 quae

161 3293 209 3346 per·
227 3279 293 3329 duos
311 3283 387 3329 sutus
406 3279 551 3331 deducatur
569 3281 731 3347 dignissima.
763 3283 834 3342 Quid
851 3298 910 3333 cum
923 3284 1024 3350 Ajace?
1048 3287 1190 3352 Postquam

161 3372 273 3416 naturae
291 3365 421 3418 humanae
439 3367 595 3433 dignitatem
612 3367 660 3418 illa
677 3369 752 3420 rabie
765 3369 955 3432 dehonestavit,
973 3375 1063 3424 mortis
1076 3373 1189 3428 debitum

163 3453 188 3502 et
212 3451 286 3501 nullo
313 3458 390 3515 pacto
417 3459 505 3522 potest
530 3455 684 3518 condonari,
711 3471 773 3506 nam
797 3432 931 3522 αἰσχρὸς
952 3444 1025 3522 βίος
1047 3435 1086 3506 οὗ
1109 3449 1188 3525 βίος.

163 3536 216 3588 Sed
238 3539 344 3602 propria
366 3553 446 3590 manu
467 3543 586 3604 moritur,
609 3557 696 3608 neque
720 3543 801 3594 aliurn
824 3541 904 3608 hujus
927 3547 966 3596 rei
984 3547 1085 3598 socium
1103 3547 1188 3600 habet

163 3605 336 3689 Κᾶθαρσφς
358 3625 439 3692 igitur
463 3625 600 3680 efficienda
620 3644 673 3680 nou
696 3635 754 3680 erat
777 3643 822 3706 eo,
852 3635 881 3682 ut
904 3632 1006 3698 aliquid
1029 3635 1061 3684 iu
1081 3633 1188 3700 Ajacem

162 3713 329 3762 commissum
346 3711 475 3774 lueretur,
494 3713 541 3763 sed
557 3719 587 3764 ut
604 3716 662 3780 ipse
679 3714 757 3779 Ajax,
774 3730 856 3782 quum
874 3722 967 3784 {sonte
985 3727 1013 3768 et
1029 3719 1099 3771 ultro
1116 3721 1187 3774 daret

159 3806 272 3862 petuas,
294 3801 452 3862 purgaretur
473 3798 639 3866 honoresque
657 3801 773 3867 perditos
792 3803 980 3857 honestissima
996 3805 1147 3860 humatione
1163 3810 1187 3860 ei

160 3883 367 3935 restituerentur.
398 3883 481 3950 Cujus
498 3888 537 3936 rei
555 3889 674 3953 gravitas
690 3903 755 3942 saue
772 3891 845 3942 nullo
864 3890 940 3942 modo
952 3893 1072 3946 oumilh
1083 3895 1188 3948 tribulae.
