2520 4450
588 248 802 328 T-oo--

176 439 262 498 ¹illud
284 437 452 498 oaernlenm
475 427 640 513 (γλαυκόν)
669 433 799 496 ostendit
825 441 878 517 ant
905 441 1002 494 atrum
1029 435 1114 496 illum
1137 435 1212 495 luro-
1244 469 1252 518 χ

99 529 102 536 ’
189 545 259 594 rem,
284 543 371 604 quem
386 522 626 603 perhorrescunt,
650 521 702 600 qni
715 521 808 600 primo
825 522 1020 603 conspiciunt.
1050 522 1214 582 Praeterea

189 606 268 677 ναῦς
289 605 360 686 rael.
384 629 451 668 raro
479 607 516 666 ab
546 605 759 684 interpretibus
787 615 868 666 reete
896 608 1073 685 expositum.
1120 608 1212 666 Pleri-

104 729 107 736 ·
190 715 249 776 que
276 697 355 754 enim
376 695 482 754 volunt
509 712 574 752 esse
597 692 743 770 ‘nigrum‘
756 691 844 773 ¹idem
867 692 948 771 quod
971 693 1212 772 ‘tempestatibus

189 781 380 852 confertum‘,
404 800 483 860 aqua
504 768 617 838 marina
640 777 776 846 adesum,
800 781 886 856 nujus
910 779 1112 838 eoloris·snnt
1134 780 1213 857 ligna

187 869 220 926 in
241 887 322 946 aqua
344 866 393 932 din
415 874 544 929 versata.
583 864 709 923 Talibus
731 883 802 923 vero
825 864 912 942 lignis
936 885 1023 924 nemo
1046 873 1211 934 nautarum,
1251 937 1252 946 ἵ

189 955 302 1033 opinor,
326 954 416 1010 vitam
438 945 525 1024 euim
547 950 718 1020 committat,
742 951 768 1010 si
788 949 838 1008 illa
860 951 981 1028 nigritia
995 950 1140 1015 virtutem
1155 971 1213 1009 non
1251 987 1252 992 κ

188 1039 338 1099 meliorem
360 1046 496 1100 testetur.
529 1037 630 1095 Nares
652 1035 765 1115 liquida
787 1036 852 1112 pice
875 1036 1022 1096 obductae
1037 1057 1073 1095 ao
1088 1039 1212 1096 satiatae

189 1124 303 1184 decoris
326 1126 416 1182 eausa
438 1124 494 1182 alio
518 1122 615 1182 oolore
637 1121 831 1200 perlinuntur,
856 1141 915 1200 qno
938 1121 975 1180 ab
998 1121 1085 1181 undis
1108 1131 1212 1202 postea
1251 1191 1252 1196 χ

189 1210 289 1269 abluto
311 1209 425 1287 lignum
447 1228 549 1268 rursus
568 1215 693 1286 apparet
708 1208 773 1285 pioe
788 1205 929 1279 fucatum,
954 1207 1007 1266 sed
1023 1210 1103 1268 omni
1117 1210 1212 1267 nitore

187 1297 344 1376 privatum.

148 1385 150 1396 ’
271 1381 365 1458 Nigra
387 1389 457 1440 sunt
479 1381 567 1439 etiam
589 1375 747 1450 θάνατος,
772 1375 884 1462 Κῆρες,
912 1367 1044 1457 ὀδύναι,
1066 1373 1141 1464 ἄχη,
1165 1398 1210 1441 re·
1251 1401 1252 1412 ¹

186 1464 280 1551 φέλη,
296 1460 395 1548 ”Aeon
415 1457 566 1548 Ἐριννῦς,
589 1459 680 1548 τύχη,
704 1457 793 1546 ὄναρ,
818 1459 949 1543 ἀνάγκα.

599 1603 607 1632 l

647 1655 750 1732 §.a

267 1767 383 1858 Ὠχρός
405 1784 496 1856 atque
519 1795 596 1861 quae
619 1777 710 1836 verba
734 1786 803 1836 sunt
825 1785 961 1854 cognata,
986 1776 1067 1856 apud
1078 1776 1209 1836 Graecos

187 1864 368 1924 solummodo
392 1863 429 1922 ‹le
450 1863 571 1942 proprio
595 1863 693 1922 colore
716 1863 825 1941 pallido
849 1863 1037 1934 adhibentur,
1062 1862 1112 1921 vel
1134 1883 1209 1922 sum-
1251 1865 1252 1940 l

156 1950 158 1956 ’
185 1971 265 2009 mum
291 1950 328 2009 de
355 1958 450 2020 metu,
484 1947 621 2028 horrore,
655 1969 781 2026 angore,
816 1960 894 2028 quae
923 1949 1037 2028 pallore
1068 1949 1207 2008 afficiunt.
1251 1961 1252 2012 ζ

185 2036 328 2106 Invidiae,
351 2035 526 2114 zelotypiae,
549 2033 725 2112 malignitati
747 2035 826 2094 huno
848 2035 979 2094 oolorem
1005 2034 1137 2093 tribuere
1152 2055 1208 2092 non

123 2131 127 2138 '
186 2129 231 2180 est
253 2121 444 2182 Graecorum.
664 2114 670 2128 '¹
701 2128 704 2136 ’

643 2257 673 2334 s.
698 2261 748 2320 os.
775 2207 777 2213 Α

268 2373 432 2458 Χλοερός,
467 2368 607 2456 χλωρός,
644 2379 763 2457 proprie
793 2379 829 2437 de
858 2379 956 2438 colore
986 2377 1129 2438 suhviridi
1157 2373 1205 2459 τῆς
1251 2387 1252 2436 1

184 2455 297 2546 χλόης,
326 2463 466 2542 germinis
494 2480 590 2539 nuper
612 2463 684 2524 nati.
729 2463 836 2522 insunt
856 2465 946 2542 igitur
970 2465 1039 2524 huie
1062 2464 1203 2524 vocabulo
1251 2519 1252 2544 ,

184 2549 260 2609 duae
289 2550 438 2620 notiones,
468 2565 543 2628 quas
572 2567 644 2607 usus
668 2550 776 2608 sensim
799 2551 983 2628 segregavit:
1016 2560 1068 2610 aut
1089 2551 1202 2630 vigoris,
1251 2585 1252 2632 χ

134 2695 139 2711 ,
183 2635 374 2713 integritatis,
414 2635 518 2694 nitoris
557 2632 599 2710 (id
632 2635 712 2716 qnod
745 2633 782 2694 ad
811 2629 873 2696 ‘rei'
891 2645 1029 2697 naturam
1062 2637 1202 2696 internam
1251 2655 1252 2720 χ

184 2716 312 2799 spectat)
348 2731 400 2780 aut
425 2721 546 2801 palloris
583 2717 625 2798 (id
653 2719 734 2802 quod
762 2719 803 2780 ad·
829 2721 982 2800 colorem).
1037 2723 1145 2802 Itaque
1174 2724 1202 2780 in
1251 2727 1252 2786 1

184 2815 277 2878 metu,
308 2805 442 2879 horrore,
471 2809 494 2866 si
517 2800 629 2888 χλωρά
652 2807 737 2881 diois,
766 2807 890 2868 alteram
920 2818 1037 2867 tantum
1059 2810 1201 2867 notionem
1251 2821 1252 2836 ¹

185 2883 317 2972 (eoloris)
341 2891 496 2990 respicies,
531 2893 636 2951 sedin
660 2891 798 2976 δάκρυσι
819 2890 959 2976 χλωροῖς
983 2891 1112 2974 (Eurip.)
1135 2895 1152 2953 i.
1175 2915 1199 2972 q.
1251 2917 1252 2924 ¹

182 2966 331 3057 θαλερὸν
354 2977 457 3062 δακρυ
479 2979 609 3052 Homeri,
636 2980 774 3040 lacrimae
796 2981 879 3059 large
902 2981 1043 3059 profusae
1066 2989 1198 3060 tanquam

183 3061 270 3122 flores
299 3066 350 3146 qni
377 3084 416 3124 ex
450 3065 541 3124 oeulis
574 3065 726 3126 luxuriose
755 3067 979 3146 progerminant
1008 3099 1052 3112 —
1080 3068 1198 3145 priorem

184 3156 298 3209 tantum
320 3152 471 3210 notionem
494 3149 642 3228 (vigoris).

640 3322 669 3399 s.
695 3326 745 3384 oo.

267 3443 307 3500 H.
327 3443 346 3501 l.
370 3443 545 3502 vocabulum
567 3442 591 3524 rt
596 3440 683 3525 ιερό
689 3460 705 3510 ς
727 3445 875 3522 attingere
898 3445 994 3517 lioeat,
1018 3443 1099 3523 quod
1113 3443 1194 3502 Lehr·

183 3529 243 3588 sins
272 3525 322 3605 (de
344 3529 436 3588 Arist.
458 3549 489 3606 p.
512 3523 565 3610 57)
588 3550 605 3588 e
627 3529 719 3590 verbo
743 3532 844 3589 nativo
862 3531 960 3601 ΔΙΩ,
991 3529 1126 3590 δίεσθαι
1150 3547 1192 3586 ex·

183 3621 279 3672 ortam
307 3622 403 3693 putat.
447 3613 607 3694 Videamus
635 3618 773 3696 primum,
804 3616 912 3696 qulbus
941 3616 1031 3674 rebus
1059 3616 1193 3674 sententia

182 3700 248 3776 ojus
276 3701 422 3760 fuloiatur.
468 3695 546 3772 Quia
567 3702 693 3762 verbum
719 3701 793 3762 illud
821 3702 966 3779 significet
992 3707 1023 3760 et
1046 3705 1145 3778 supere
1166 3707 1192 3758 ot

176 3787 291 3860 sarpere,
313 3788 401 3846 etiam
424 3778 538 3863 &aanor
553 3807 619 3848 esse
642 3797 673 3848 et
688 3795 786 3868 frryoa
807 3797 838 3848 et
853 3787 1018 3866 septenae,
1043 3786 1122 3868 quod
1138 3787 1192 3866 qui·

182 3867 250 3929 dem
271 3872 360 3930 sumit
381 3873 533 3946 lsehrsius,
556 3893 594 3946 ne
616 3875 679 3934 aliis
702 3877 775 3936 loois
794 3883 946 3954 repugnet
969 3871 1025 3934 Od.
1050 3873 1074 3948 ζ,
1096 3876 1148 3934 201
1251 3895 1252 3922 2
