2530 4444
467 287 680 349 -tl-
756 333 785 345 ..

143 475 229 536 Haec
257 473 392 535 attulisse
425 473 576 538 suffecerit
608 475 646 534 ad
679 483 774 536 artem
801 473 959 555 Sophoclis
993 477 1086 556 sigui·

53 561 216 632 beandam,
246 582 307 640 qua
334 562 496 622 sententias
525 579 572 640 ac,
590 581 688 621 mores
709 581 906 640 personarum
926 559 1086 623 mutuavi

53 655 85 708 et
108 648 252 728 tanquam
274 648 410 708 frictione
433 646 626 725 explicandas
650 656 744 710 curet.
789 647 872 718 Alia,
897 668 975 728 quae
998 669 1087 727 prae·

54 731 177 806 terruisi,
200 735 301 793 sensui
315 733 433 794 lectoris
448 735 595 810 permitto.
635 732 774 792 Ceterum
790 732 870 813 quod
886 733 924 792 ad
939 734 1086 814 Aeschyli

54 818 208 898 dialogum
230 821 367 898 pertinet,
391 818 505 880 tardior
520 839 636 880 morum
651 819 898 898 explicandorum
911 822 1085 898 progressio

52 905 122 964 huic
153 914 263 984 poetae
283 923 320 966 eo
343 907 442 984 aptius
465 898 600 976 obvenit,
629 925 722 984 quum
743 904 879 982 trilogiae
902 907 1032 984 spatium
1053 916 1088 965 et

52 990 91 1051 ad
114 991 248 1052 actiones
272 1001 302 1050 et
323 991 362 1050 ad
384 1010 530 1070 personae
552 990 747 1070 exponendas
770 990 874 1050 datum
896 1000 992 1056 esset.
1023 1012 1087 1071 qua

51 1077 172 1136 sublata
206 1077 346 1156 Sophocli
379 1075 511 1155 rapidius
544 1085 608 1144 erat
641 1075 863 1156 procedendum
897 1077 1085 1157 singulisque

51 1163 162 1224 fabulis
191 1172 222 1222 et
249 1163 425 1224 initium·.et
453 1164 552 1222 exitus
575 1164 700 1223 actionis
723 1163 889 1240 tribuenda.
936 1161 1084 1237 Quamvis

50 1249 130 1308 euim
167 1249 305 1308 laborent
335 1249 462 1328 probare
496 1249 673 1328 Sophoclem
708 1250 862 1326 scripsisse
899 1250 1085 1328 tetralogias,

49 1335 124 1413 quid
153 1335 210 1394 boc
243 1333 282 1394 ad
314 1335 481 1394 fabularum
514 1335 700 1413 singularum
731 1334 921 1396 libertatem?
957 1355 1084 1414 quarum

49 1441 203 1500 quamque
225 1422 337 1500 proprii
355 1422 432 1499 juris
456 1439 522 1480 esse
545 1441 641 1491 nemo,
665 1421 778 1499 opinor,
801 1421 924 1498 negabit
933 1415 977 1502 *).
1001 1467 1009 1480 .

536 1607 543 1620 .
569 1561 619 1619 28.

455 1660 502 1722 De
513 1555 673 1722 §trimetro

136 1764 323 1843 Adjiciamus
346 1785 442 1844 pauca
466 1763 503 1824 de
525 1767 648 1837 metrica
669 1775 766 1845 parte.

135 1848 168 1910 Si
190 1851 252 1910 ulla
274 1855 393 1912 omnino
416 1851 571 1931 disciplina
598 1871 665 1912 esse
692 1859 793 1930 potest
821 1852 978 1924 sentiendi,
1006 1853 1084 1914 hanc

47 1937 226 2016 putaverim»
240 1957 307 1997 esse
328 1939 490 2001 metricam.
529 1937 691 1997 Maximum
706 1946 807 1999 autem
822 1938 987 2018 periculum
1011 1938 1082 1998 huic

47 2022 203 2082 doctrinae
235 2027 267 2084 in
299 2044 335 2084 eo
363 2034 416 2096 est,
446 2023 528 2103 quod
555 2031 689 2103 systema
718 2023 868 2104 quoddam
901 2023 1082 2097 ordinatum,

47 2111 111 2170 sine
141 2130 201 2189 quo
230 2131 291 2170 nou
324 2119 404 2172 esset
437 2110 599 2190 disciplina,
629 2129 726 2189 usque
753 2111 785 2168 iu
815 2111 950 2170 minimas
980 2120 1082 2188 partes

47 2205 170 2256 suenus
185 2197 221 2255 ci
242 2205 289 2255 est
311 2196 526 2256 sustinendum.
571 2192 603 2256 Si
630 2197 740 2256 formas
768 2196 834 2256 illas
864 2192 923 2256 τοῦ
946 2191 1083 2269 πάθους

46 2281 179 2340 infinitas
202 2282 282 2361 apud
305 2283 483 2363 Sophoclem
504 2284 536 2341 in
558 2282 678 2361 regulas
707 2283 897 2342 subtilissime
927 2283 1081 2347 ordinatas

114 2457 143 2524 *l
161 2459 273 2510 Omnino
292 2461 324 2511 de
342 2461 396 2511 illis
414 2461 562 2528 tetralogiis
581 2461 657 2512 aliter
675 2477 708 2512 ac
720 2461 796 2512 multi
809 2461 896 2512 solent
909 2461 1079 2514 statuendum

44 2545 160 2598 videtur.
194 2547 349 2606 Vinculum,
373 2563 425 2612 quo
447 2549 516 2598 inter
537 2563 567 2598 se
584 2547 761 2598 cohaerebant
779 2547 899 2609 fabulae,
924 2556 1081 2599 extraneum

44 2637 148 2684 tautum
175 2643 232 2686 erat
253 2632 411 2697 mythorum.
455 2633 732 2699 Namqueprotectot
762 2633 822 2684 illos
850 2631 966 2684 Graecos
994 2634 1079 2692 totius

42 2719 193 2770 fabularum
215 2721 364 2787 argumenti
382 2718 439 2784 jam
462 2723 542 2770 autea
562 2732 659 2786 guaros
676 2719 762 2786 potuit
777 2717 914 2782 postulare
931 2725 1024 2784 poeta,
1049 2731 1081 2772 ut

42 2806 166 2858 conanae
184 2821 230 2858 eos
247 2809 372 2863 eventus,
393 2806 536 2871 inquibus
554 2806 658 2856 animus
680 2806 854 2870 acquiescere
870 2807 1009 2871 cupiebat,
1032 2809 1081 2866 ubi

42 2896 124 2958 poeta
149 2907 201 2944 non
227 2879 399 2960 praebuerat,
425 2893 477 2956 ipsi
504 2893 591 2942 auimo
618 2891 670 2941 sibi
696 2890 856 2956 supplerent.
892 2892 1023 2961 libinam,
1049 2901 1081 2946 ut

43 2977 172 3043 exemplis
189 2986 257 3040 utar,
274 2987 410 3043 poetarum
425 2978 531 3043 justitia
550 2985 602 3039 est,
619 2993 688 3043 quae
706 2980 734 3028 in
752 2977 831 3044 Soph.
850 2979 892 3030 El.
910 2996 927 3031 a
944 2979 997 3033 filio
1016 2991 1077 3047 pat·-

42 3063 141 3126 ricida,
165 3079 234 3129 quae
251 3057 361 3116 inaurj
378 3065 439 3115 Tro.
458 3065 492 3115 ab
511 3064 609 3115 Atridis
627 3063 756 3115 Hecubae
779 3059 921 3117 tortoribus
939 3083 972 3118 ac
989 3068 1076 3133 perdi-

43 3149 160 3212 toribus,
187 3152 215 3200 iu
237 3151 293 3216 lph.
314 3151 348 3202 Ἀ.
373 3153 407 3203 ab
430 3153 537 3219 ignavia
560 3151 764 3218 Agamemnonis
788 3167 886 3217 poenas
909 3159 996 3218 petat,
1025 3158 1079 3208 nisi

43 3241 208 3302 spectatores
231 3237 381 3302 mytborum
404 3239 479 3306 gnari
501 3238 562 3291 illos
588 3238 671 3290 luisse
697 3247 790 3304 sponte
816 3241 968 3292 acimum?
995 3243 1076 3295 Tales

42 3337 87 3374 res
106 3323 231 3377 videlicet
247 3339 296 3374 uos
314 3333 370 3378 tum
387 3325 500 3391 denique
518 3325 608 3376 doceri
625 3327 747 3390 oportuit,
765 3321 846 3390 quum
864 3325 982 3380 tabulam
1000 3328 1076 3396 Sept.

43 3409 146 3462 ad'l'h.
165 3410 286 3462 ultimum
302 3411 331 3460 iu
348 3410 451 3477 trilogia
469 3410 556 3462 locum
575 3411 691 3460 tenuisse
710 3410 896 3474 comperimus!
921 3411 1077 3466 ImmoAu-.

43 3499 162 3563 tigonam
180 3497 319 3557 consilium
338 3511 415 3551 suum
433 3501 539 3562 captum
556 3499 694 3563 peregisse
706 3495 801 3548 Gracci
819 3497 875 3548 siue
887 3484 1077 3565 poetaeopera

42 3597 98 3634 uon
121 3584 286 3650 ignorabam.
321 3583 458 3636 Nostrates
482 3567 589 3650 quidem
608 3582 692 3632 solum
714 3596 771 3645 res,
794 3599 847 3634 non
868 3586 965 3638 formas
987 3587 1076 3651 poesis

43 3672 143 3722 sectari
161 3671 288 3732 consueti,
306 3671 340 3720 iis
357 3673 494 3734 poetarum
511 3686 619 3722 suornm
636 3670 701 3720 mim
720 3671 905 3734 irascerentur,
922 3673 969 3737 qui
986 3676 1079 3737 postu·

43 3756 131 3809 larem
148 3764 177 3805 ut
195 3759 378 3824 argumentum
394 3756 500 3808 fabulae
515 3757 573 3822 jem
590 3758 837 3823 commeatusque
854 3759 941 3810 bonae
958 3758 991 3808 de
1003 3761 1077 3834 exitu

43 3842 179 3899 bominum
196 3843 336 3907 proborum
355 3844 528 3897 etmalorum
546 3843 681 3896 doctrinae
699 3845 853 3910 plenissime
872 3847 899 3895 in
916 3843 1007 3896 fabula
1019 3846 1079 3912 ipsa

43 3931 238 3987 utislscereut.
