<?xml version="1.0" encoding="UTF-8"?>
<!DOCTYPE html PUBLIC "-//W3C//DTD XHTML 1.0 Transitional//EN"
    "http://www.w3.org/TR/xhtml1/DTD/xhtml1-transitional.dtd">
<html xmlns="http://www.w3.org/1999/xhtml" xml:lang="en" lang="en">
 <head>
  <title>
</title>
<meta http-equiv="Content-Type" content="text/html;charset=utf-8" />
  <meta name='ocr-system' content='tesseract 3.04.00' />
  <meta name='ocr-capabilities' content='ocr_page ocr_carea ocr_par ocr_line ocrx_word'/>
</head>
<body>
  <div class='ocr_page' id='page_1' title='image "./cothurnussophoc00lindgoog_0103.png"; bbox 0 0 2520 4450; ppageno 0'>
   <div class='ocr_carea' id='block_1_1' title="bbox 602 279 815 338">
    <p class='ocr_par' dir='ltr' id='par_1_1' title="bbox 602 279 815 338">
     <span class='ocr_line' id='line_1_1' title="bbox 602 279 815 338; baseline 0.009 -18"><span class='ocrx_word' id='word_1_1' title='bbox 602 279 815 338; x_wconf 62' lang='grc' dir='ltr'>...Μ-..-</span> 
     </span>
    </p>
   </div>
   <div class='ocr_carea' id='block_1_2' title="bbox 127 465 1224 1663">
    <p class='ocr_par' dir='ltr' id='par_1_2' title="bbox 201 465 1058 577">
     <span class='ocr_line' id='line_1_2' title="bbox 201 465 1058 577; baseline -0.01 -45"><span class='ocrx_word' id='word_1_2' title='bbox 201 471 343 550; x_wconf 82' lang='lat' dir='ltr'>Inprimis</span> <span class='ocrx_word' id='word_1_3' title='bbox 366 468 456 546; x_wconf 86' lang='lat' dir='ltr'>digui,</span> <span class='ocrx_word' id='word_1_4' title='bbox 449 468 584 577; x_wconf 86' lang='lat' dir='ltr'>,qui</span> <span class='ocrx_word' id='word_1_5' title='bbox 552 473 704 538; x_wconf 84' lang='lat' dir='ltr'>notentur,</span> <span class='ocrx_word' id='word_1_6' title='bbox 727 473 798 525; x_wconf 85' lang='lat' dir='ltr'>sunt</span> <span class='ocrx_word' id='word_1_7' title='bbox 817 465 876 526; x_wconf 86' lang='lat' dir='ltr'>loei</span> <span class='ocrx_word' id='word_1_8' title='bbox 897 465 1058 543; x_wconf 86' lang='lat' dir='ltr'>ejusmodi:</span> 
     </span>
    </p>

    <p class='ocr_par' dir='ltr' id='par_1_3' title="bbox 228 538 1224 806">
     <span class='ocr_line' id='line_1_3' title="bbox 243 538 1223 650; baseline -0.004 -35"><span class='ocrx_word' id='word_1_9' title='bbox 243 554 280 615; x_wconf 93' lang='lat'>0.</span> <span class='ocrx_word' id='word_1_10' title='bbox 304 556 338 615; x_wconf 80' lang='lat'>0</span> <span class='ocrx_word' id='word_1_11' title='bbox 363 557 424 614; x_wconf 81' lang='lat'>267</span> <span class='ocrx_word' id='word_1_12' title='bbox 453 551 541 631; x_wconf 75' lang='lat' dir='ltr'>aay&#39;</span> <span class='ocrx_word' id='word_1_13' title='bbox 564 545 642 633; x_wconf 73' lang='grc' dir='ltr'>ἔργα</span> <span class='ocrx_word' id='word_1_14' title='bbox 669 569 736 629; x_wconf 82' lang='grc' dir='ltr'>μου</span> <span class='ocrx_word' id='word_1_15' title='bbox 763 548 949 614; x_wconf 73' lang='grc' dir='ltr'><strong><em>πεπονθότ’</em></strong></span> <span class='ocrx_word' id='word_1_16' title='bbox 970 545 1038 613; x_wconf 76' lang='grc' dir='ltr'>ἐστι</span> <span class='ocrx_word' id='word_1_17' title='bbox 1040 538 1223 650; x_wconf 80' lang='grc' dir='ltr'><strong><em>μᾶλλννῆ</em></strong></span> 
     </span>
     <span class='ocr_line' id='line_1_4' title="bbox 312 627 1224 739; baseline -0.008 -36"><span class='ocrx_word' id='word_1_18' title='bbox 312 632 508 739; x_wconf 77' lang='grc' dir='ltr'><strong><em>δεδρακότα.</em></strong></span> <span class='ocrx_word' id='word_1_19' title='bbox 573 639 701 717; x_wconf 79' lang='lat' dir='ltr'>Proprie</span> <span class='ocrx_word' id='word_1_20' title='bbox 737 637 896 698; x_wconf 82' lang='lat' dir='ltr'>dicendum</span> <span class='ocrx_word' id='word_1_21' title='bbox 931 645 997 699; x_wconf 78' lang='lat' dir='ltr'>erat</span> <span class='ocrx_word' id='word_1_22' title='bbox 1032 627 1224 721; x_wconf 77' lang='grc' dir='ltr'><strong><em>ἐνηνεγμένα</em></strong></span> 
     </span>
     <span class='ocr_line' id='line_1_5' title="bbox 228 713 716 806; baseline -0.006 -17"><span class='ocrx_word' id='word_1_23' title='bbox 228 756 231 761; x_wconf 93' lang='grc'><strong><em>·</em></strong></span> <span class='ocrx_word' id='word_1_24' title='bbox 306 713 472 805; x_wconf 82' lang='grc' dir='ltr'><strong><em>μᾶλλον</em></strong></span> <span class='ocrx_word' id='word_1_25' title='bbox 455 746 474 806; x_wconf 76' lang='lat' dir='ltr'>p</span> <span class='ocrx_word' id='word_1_26' title='bbox 498 723 716 804; x_wconf 76' lang='grc' dir='ltr'><strong><em>δεδρασμένα.</em></strong></span> 
     </span>
    </p>

    <p class='ocr_par' dir='ltr' id='par_1_4' title="bbox 127 801 1224 1321">
     <span class='ocr_line' id='line_1_6' title="bbox 127 801 1224 890; baseline -0.004 -20"><span class='ocrx_word' id='word_1_27' title='bbox 127 864 130 870; x_wconf 93' lang='grc'>.</span> <span class='ocrx_word' id='word_1_28' title='bbox 243 812 281 875; x_wconf 93' lang='grc' dir='ltr'><strong>Ο</strong></span> <span class='ocrx_word' id='word_1_29' title='bbox 307 812 341 874; x_wconf 81' lang='lat' dir='ltr'>C</span> <span class='ocrx_word' id='word_1_30' title='bbox 366 809 444 884; x_wconf 80' lang='lat'>240,</span> <span class='ocrx_word' id='word_1_31' title='bbox 470 813 530 871; x_wconf 82' lang='grc'>977</span> <span class='ocrx_word' id='word_1_32' title='bbox 560 832 596 870; x_wconf 85' lang='lat' dir='ltr'>ao</span> <span class='ocrx_word' id='word_1_33' title='bbox 625 811 744 889; x_wconf 86' lang='lat' dir='ltr'>saepius</span> <span class='ocrx_word' id='word_1_34' title='bbox 767 802 859 890; x_wconf 78' lang='grc' dir='ltr'><em>ἔργα,</em></span> <span class='ocrx_word' id='word_1_35' title='bbox 889 801 1067 890; x_wconf 77' lang='grc' dir='ltr'><em>πράγματα</em></span> <span class='ocrx_word' id='word_1_36' title='bbox 1089 809 1224 868; x_wconf 81' lang='lat' dir='ltr'>dicuntur</span> 
     </span>
     <span class='ocr_line' id='line_1_7' title="bbox 310 891 1222 976; baseline -0.007 -18"><span class='ocrx_word' id='word_1_37' title='bbox 310 891 442 960; x_wconf 80' lang='grc' dir='ltr'><strong><em>ἄκοντα.</em></strong></span> <span class='ocrx_word' id='word_1_38' title='bbox 479 897 601 976; x_wconf 80' lang='lat' dir='ltr'>Ubique</span> <span class='ocrx_word' id='word_1_39' title='bbox 624 896 702 956; x_wconf 89' lang='lat' dir='ltr'>enim</span> <span class='ocrx_word' id='word_1_40' title='bbox 718 892 861 974; x_wconf 76' lang='lat' dir='ltr'><strong>Oedipus,</strong></span> <span class='ocrx_word' id='word_1_41' title='bbox 885 911 977 974; x_wconf 90' lang='lat' dir='ltr'>quum</span> <span class='ocrx_word' id='word_1_42' title='bbox 998 895 1145 954; x_wconf 84' lang='lat' dir='ltr'>factorum</span> <span class='ocrx_word' id='word_1_43' title='bbox 1160 913 1222 952; x_wconf 88' lang='lat' dir='ltr'>suo·</span> 
     </span>
     <span class='ocr_line' id='line_1_8' title="bbox 308 979 1222 1055; baseline -0.003 -14"><span class='ocrx_word' id='word_1_44' title='bbox 308 1002 372 1042; x_wconf 88' lang='lat' dir='ltr'>rum</span> <span class='ocrx_word' id='word_1_45' title='bbox 400 984 434 1042; x_wconf 82' lang='lat' dir='ltr'>fit</span> <span class='ocrx_word' id='word_1_46' title='bbox 459 985 584 1055; x_wconf 86' lang='lat' dir='ltr'>mentio,</span> <span class='ocrx_word' id='word_1_47' title='bbox 619 983 710 1042; x_wconf 80' lang='lat' dir='ltr'>tacita</span> <span class='ocrx_word' id='word_1_48' title='bbox 742 1001 778 1042; x_wconf 87' lang='lat' dir='ltr'>ae</span> <span class='ocrx_word' id='word_1_49' title='bbox 810 980 1019 1040; x_wconf 83' lang='lat' dir='ltr'>delicatissima</span> <span class='ocrx_word' id='word_1_50' title='bbox 1046 979 1222 1040; x_wconf 77' lang='lat' dir='ltr'>verecundia</span> 
     </span>
     <span class='ocr_line' id='line_1_9' title="bbox 306 1066 1221 1147; baseline -0.005 -19"><span class='ocrx_word' id='word_1_51' title='bbox 306 1071 471 1141; x_wconf 84' lang='lat' dir='ltr'>inhibetur,</span> <span class='ocrx_word' id='word_1_52' title='bbox 501 1088 538 1128; x_wconf 92' lang='lat' dir='ltr'>ne</span> <span class='ocrx_word' id='word_1_53' title='bbox 569 1089 653 1128; x_wconf 89' lang='lat' dir='ltr'>suam</span> <span class='ocrx_word' id='word_1_54' title='bbox 679 1068 773 1147; x_wconf 87' lang='lat' dir='ltr'>ipsius</span> <span class='ocrx_word' id='word_1_55' title='bbox 800 1085 960 1145; x_wconf 87' lang='lat' dir='ltr'>personam</span> <span class='ocrx_word' id='word_1_56' title='bbox 984 1066 1099 1126; x_wconf 86' lang='lat' dir='ltr'>illarum</span> <span class='ocrx_word' id='word_1_57' title='bbox 1128 1085 1221 1124; x_wconf 88' lang='lat' dir='ltr'>rerum</span> 
     </span>
     <span class='ocr_line' id='line_1_10' title="bbox 306 1148 1219 1224; baseline -0.005 -10"><span class='ocrx_word' id='word_1_58' title='bbox 306 1154 504 1214; x_wconf 79' lang='lat' dir='ltr'>nefandorum</span> <span class='ocrx_word' id='word_1_59' title='bbox 526 1163 680 1215; x_wconf 81' lang='lat' dir='ltr'>auctorem</span> <span class='ocrx_word' id='word_1_60' title='bbox 701 1151 816 1224; x_wconf 85' lang='lat' dir='ltr'>reddat,</span> <span class='ocrx_word' id='word_1_61' title='bbox 839 1148 892 1212; x_wconf 85' lang='lat' dir='ltr'>sed</span> <span class='ocrx_word' id='word_1_62' title='bbox 907 1173 925 1212; x_wconf 92' lang='lat' dir='ltr'>a</span> <span class='ocrx_word' id='word_1_63' title='bbox 940 1171 1005 1212; x_wconf 89' lang='lat' dir='ltr'>sese</span> <span class='ocrx_word' id='word_1_64' title='bbox 1021 1153 1124 1210; x_wconf 84' lang='lat' dir='ltr'><strong>avellit</strong></span> <span class='ocrx_word' id='word_1_65' title='bbox 1137 1153 1219 1222; x_wconf 75' lang='lat' dir='ltr'>faeta,</span> 
     </span>
     <span class='ocr_line' id='line_1_11' title="bbox 306 1237 1221 1321; baseline -0.007 -21"><span class='ocrx_word' id='word_1_66' title='bbox 306 1250 397 1321; x_wconf 84' lang='lat' dir='ltr'>atque</span> <span class='ocrx_word' id='word_1_67' title='bbox 418 1241 485 1318; x_wconf 88' lang='lat' dir='ltr'>ipsa</span> <span class='ocrx_word' id='word_1_68' title='bbox 499 1241 623 1320; x_wconf 85' lang='lat' dir='ltr'>&#39;eulpam</span> <span class='ocrx_word' id='word_1_69' title='bbox 644 1247 798 1319; x_wconf 84' lang='lat' dir='ltr'>praestare</span> <span class='ocrx_word' id='word_1_70' title='bbox 816 1238 915 1315; x_wconf 87' lang='lat' dir='ltr'>jubet.</span> <span class='ocrx_word' id='word_1_71' title='bbox 958 1238 1054 1316; x_wconf 85' lang='lat' dir='ltr'>Igitur</span> <span class='ocrx_word' id='word_1_72' title='bbox 1072 1237 1221 1296; x_wconf 83' lang='lat' dir='ltr'>voluntate</span> 
     </span>
    </p>

    <p class='ocr_par' dir='ltr' id='par_1_5' title="bbox 258 1325 1221 1663">
     <span class='ocr_line' id='line_1_12' title="bbox 258 1325 1221 1406; baseline -0.005 -20"><span class='ocrx_word' id='word_1_73' title='bbox 258 1333 260 1338; x_wconf 87' lang='lat'>&#39;</span> <span class='ocrx_word' id='word_1_74' title='bbox 305 1326 442 1406; x_wconf 54' lang='lat' dir='ltr'>quadam¹</span> <span class='ocrx_word' id='word_1_75' title='bbox 456 1327 639 1397; x_wconf 88' lang='lat' dir='ltr'>animantur,</span> <span class='ocrx_word' id='word_1_76' title='bbox 661 1326 748 1404; x_wconf 85' lang='lat' dir='ltr'>quasi</span> <span class='ocrx_word' id='word_1_77' title='bbox 769 1337 807 1384; x_wconf 84' lang='lat' dir='ltr'>&#39;ex</span> <span class='ocrx_word' id='word_1_78' title='bbox 829 1325 900 1403; x_wconf 89' lang='lat' dir='ltr'>ipsis</span> <span class='ocrx_word' id='word_1_79' title='bbox 922 1325 957 1384; x_wconf 89' lang='lat' dir='ltr'>iis</span> <span class='ocrx_word' id='word_1_80' title='bbox 979 1343 1078 1382; x_wconf 87' lang='lat' dir='ltr'>rerum</span> <span class='ocrx_word' id='word_1_81' title='bbox 1100 1331 1221 1382; x_wconf 85' lang='lat' dir='ltr'>eventus</span> 
     </span>
     <span class='ocr_line' id='line_1_13' title="bbox 304 1409 1219 1492; baseline -0.005 -19"><span class='ocrx_word' id='word_1_82' title='bbox 304 1412 511 1492; x_wconf 81' lang='lat' dir='ltr'>pependerint.</span> <span class='ocrx_word' id='word_1_83' title='bbox 551 1413 663 1472; x_wconf 82' lang='lat' dir='ltr'>Rerum</span> <span class='ocrx_word' id='word_1_84' title='bbox 688 1413 732 1470; x_wconf 88' lang='lat' dir='ltr'>ita</span> <span class='ocrx_word' id='word_1_85' title='bbox 759 1411 894 1470; x_wconf 81' lang='lat' dir='ltr'>fleturum</span> <span class='ocrx_word' id='word_1_86' title='bbox 914 1409 1071 1470; x_wconf 84' lang='lat' dir='ltr'>multitudo</span> <span class='ocrx_word' id='word_1_87' title='bbox 1094 1417 1154 1469; x_wconf 87' lang='lat' dir='ltr'>tarn</span> <span class='ocrx_word' id='word_1_88' title='bbox 1180 1410 1219 1468; x_wconf 91' lang='lat' dir='ltr'>in·</span> 
     </span>
     <span class='ocr_line' id='line_1_14' title="bbox 305 1497 1220 1577; baseline -0.005 -19"><span class='ocrx_word' id='word_1_89' title='bbox 305 1499 496 1558; x_wconf 84' lang='lat' dir='ltr'>numerabilis</span> <span class='ocrx_word' id='word_1_90' title='bbox 530 1500 690 1577; x_wconf 82' lang='lat' dir='ltr'>reperitur,</span> <span class='ocrx_word' id='word_1_91' title='bbox 724 1506 758 1554; x_wconf 90' lang='lat' dir='ltr'>ut</span> <span class='ocrx_word' id='word_1_92' title='bbox 789 1515 887 1574; x_wconf 85' lang='lat' dir='ltr'>panea</span> <span class='ocrx_word' id='word_1_93' title='bbox 919 1515 992 1575; x_wconf 88' lang='lat' dir='ltr'>prae</span> <span class='ocrx_word' id='word_1_94' title='bbox 1021 1497 1128 1554; x_wconf 82' lang='lat' dir='ltr'>ceteris</span> <span class='ocrx_word' id='word_1_95' title='bbox 1156 1497 1220 1553; x_wconf 90' lang='lat' dir='ltr'>emi-</span> 
     </span>
     <span class='ocr_line' id='line_1_15' title="bbox 305 1581 942 1663; baseline -0.008 -19"><span class='ocrx_word' id='word_1_96' title='bbox 305 1585 407 1644; x_wconf 77' lang='lat' dir='ltr'>nentia</span> <span class='ocrx_word' id='word_1_97' title='bbox 429 1584 589 1663; x_wconf 88' lang='lat' dir='ltr'>protulisse</span> <span class='ocrx_word' id='word_1_98' title='bbox 612 1584 684 1642; x_wconf 89' lang='lat' dir='ltr'>satis</span> <span class='ocrx_word' id='word_1_99' title='bbox 706 1602 773 1642; x_wconf 88' lang='lat' dir='ltr'>esse</span> <span class='ocrx_word' id='word_1_100' title='bbox 795 1581 942 1662; x_wconf 82' lang='lat' dir='ltr'>videatur.</span> 
     </span>
    </p>
   </div>
   <div class='ocr_carea' id='block_1_3' title="bbox 659 1787 763 1865">
    <p class='ocr_par' dir='ltr' id='par_1_6' title="bbox 659 1787 763 1865">
     <span class='ocr_line' id='line_1_16' title="bbox 659 1787 763 1865; baseline -0.053 -12"><span class='ocrx_word' id='word_1_101' title='bbox 659 1787 763 1865; x_wconf 67' lang='lat'>§.92</span> 
     </span>
    </p>
   </div>
   <div class='ocr_carea' id='block_1_4' title="bbox 113 1920 1252 3980">
    <p class='ocr_par' dir='ltr' id='par_1_7' title="bbox 131 1920 1252 3121">
     <span class='ocr_line' id='line_1_17' title="bbox 285 1920 1221 2010; baseline -0.002 -20"><span class='ocrx_word' id='word_1_102' title='bbox 285 1930 474 1990; x_wconf 83' lang='lat' dir='ltr'>Tribuuntur</span> <span class='ocrx_word' id='word_1_103' title='bbox 500 1926 593 2006; x_wconf 85' lang='lat' dir='ltr'>podes</span> <span class='ocrx_word' id='word_1_104' title='bbox 620 1927 762 1998; x_wconf 87' lang='lat' dir='ltr'>navibus,</span> <span class='ocrx_word' id='word_1_105' title='bbox 791 1928 951 1990; x_wconf 84' lang='lat' dir='ltr'>montibus.</span> <span class='ocrx_word' id='word_1_106' title='bbox 995 1921 1074 1994; x_wconf 85' lang='grc' dir='ltr'><strong><em>ναῦς</em></strong></span> <span class='ocrx_word' id='word_1_107' title='bbox 1094 1920 1221 2010; x_wconf 75' lang='grc' dir='ltr'><strong><em>ἐκίνησε</em></strong></span> 
     </span>
     <span class='ocr_line' id='line_1_18' title="bbox 199 2008 1219 2107; baseline -0.007 -29"><span class='ocrx_word' id='word_1_108' title='bbox 199 2008 303 2078; x_wconf 84' lang='grc' dir='ltr'><strong>πόδα.</strong></span> <span class='ocrx_word' id='word_1_109' title='bbox 348 2015 399 2074; x_wconf 84' lang='lat' dir='ltr'>Ex</span> <span class='ocrx_word' id='word_1_110' title='bbox 421 2013 526 2073; x_wconf 88' lang='lat' dir='ltr'>eodem</span> <span class='ocrx_word' id='word_1_111' title='bbox 552 2031 653 2090; x_wconf 74' lang='lat' dir='ltr'>aurore</span> <span class='ocrx_word' id='word_1_112' title='bbox 680 2013 851 2072; x_wconf 82' lang='lat' dir='ltr'>notionibus</span> <span class='ocrx_word' id='word_1_113' title='bbox 873 2013 999 2074; x_wconf 79' lang='lat' dir='ltr'>certus</span> <span class='ocrx_word' id='word_1_114' title='bbox 990 2013 1135 2107; x_wconf 81' lang='lat' dir='ltr'>rmagines</span> <span class='ocrx_word' id='word_1_115' title='bbox 1158 2013 1219 2072; x_wconf 89' lang='lat' dir='ltr'>sub·</span> 
     </span>
     <span class='ocr_line' id='line_1_19' title="bbox 199 2088 1252 2180; baseline -0.001 -18"><span class='ocrx_word' id='word_1_116' title='bbox 199 2101 352 2162; x_wconf 87' lang='lat' dir='ltr'>sternendi</span> <span class='ocrx_word' id='word_1_117' title='bbox 374 2108 457 2160; x_wconf 83' lang='lat' dir='ltr'>ortae</span> <span class='ocrx_word' id='word_1_118' title='bbox 478 2098 620 2158; x_wconf 86' lang='lat' dir='ltr'>videntur</span> <span class='ocrx_word' id='word_1_119' title='bbox 640 2091 845 2159; x_wconf 76' lang='lat' dir='ltr'>locutiones&#39;</span> <span class='ocrx_word' id='word_1_120' title='bbox 828 2117 865 2160; x_wconf 80' lang='grc' dir='ltr'>εκ</span> <span class='ocrx_word' id='word_1_121' title='bbox 882 2092 998 2172; x_wconf 74' lang='grc' dir='ltr'><strong><em>ποδός,</em></strong></span> <span class='ocrx_word' id='word_1_122' title='bbox 1022 2117 1107 2160; x_wconf 80' lang='grc' dir='ltr'><strong><em>κατα</em></strong></span> <span class='ocrx_word' id='word_1_123' title='bbox 1095 2088 1219 2175; x_wconf 78' lang='grc' dir='ltr'><strong><em>πόδα,</em></strong></span> <span class='ocrx_word' id='word_1_124' title='bbox 1251 2167 1252 2180; x_wconf 19' lang='lat'>¹</span> 
     </span>
     <span class='ocr_line' id='line_1_20' title="bbox 131 2177 1219 2266; baseline -0.004 -19"><span class='ocrx_word' id='word_1_125' title='bbox 131 2226 135 2238; x_wconf 87' lang='lat'><strong>·</strong></span> <span class='ocrx_word' id='word_1_126' title='bbox 160 2181 163 2188; x_wconf 83' lang='grc'><strong>’</strong></span> <span class='ocrx_word' id='word_1_127' title='bbox 199 2177 267 2247; x_wconf 73' lang='grc' dir='ltr'>ὑπὸ</span> <span class='ocrx_word' id='word_1_128' title='bbox 291 2183 408 2266; x_wconf 80' lang='grc' dir='ltr'>χειρός,</span> <span class='ocrx_word' id='word_1_129' title='bbox 430 2179 467 2246; x_wconf 75' lang='grc' dir='ltr'>ἐκ</span> <span class='ocrx_word' id='word_1_130' title='bbox 490 2181 610 2264; x_wconf 79' lang='grc' dir='ltr'>χειρός,</span> <span class='ocrx_word' id='word_1_131' title='bbox 634 2205 710 2264; x_wconf 89' lang='lat' dir='ltr'>quas</span> <span class='ocrx_word' id='word_1_132' title='bbox 732 2186 821 2244; x_wconf 89' lang='lat' dir='ltr'>etiam</span> <span class='ocrx_word' id='word_1_133' title='bbox 843 2204 898 2245; x_wconf 89' lang='lat' dir='ltr'>nos</span> <span class='ocrx_word' id='word_1_134' title='bbox 920 2184 1121 2265; x_wconf 79' lang='lat' dir='ltr'>metaphorice</span> <span class='ocrx_word' id='word_1_135' title='bbox 1137 2185 1219 2243; x_wconf 86' lang='lat' dir='ltr'>verti·</span> 
     </span>
     <span class='ocr_line' id='line_1_21' title="bbox 198 2267 1218 2352; baseline -0.001 -17"><span class='ocrx_word' id='word_1_136' title='bbox 198 2291 265 2335; x_wconf 82' lang='lat' dir='ltr'>mus</span> <span class='ocrx_word' id='word_1_137' title='bbox 287 2277 396 2348; x_wconf 75' lang='lat' dir='ltr'>„rotet</span> <span class='ocrx_word' id='word_1_138' title='bbox 417 2275 467 2334; x_wconf 82' lang='grc' dir='ltr'>ιιι</span> <span class='ocrx_word' id='word_1_139' title='bbox 489 2268 590 2352; x_wconf 57' lang='lat' dir='ltr'>hono,</span> <span class='ocrx_word' id='word_1_140' title='bbox 612 2268 762 2350; x_wconf 69' lang='lat' dir='ltr'>[trichoro</span> <span class='ocrx_word' id='word_1_141' title='bbox 784 2267 883 2350; x_wconf 65' lang='lat' dir='ltr'>hahet</span> <span class='ocrx_word' id='word_1_142' title='bbox 906 2273 983 2333; x_wconf 66' lang='grc' dir='ltr'>ιιι.ι</span> <span class='ocrx_word' id='word_1_143' title='bbox 1022 2270 1152 2331; x_wconf 83' lang='lat' dir='ltr'>Dolores</span> <span class='ocrx_word' id='word_1_144' title='bbox 1173 2291 1218 2330; x_wconf 78' lang='lat' dir='ltr'>no·</span> 
     </span>
     <span class='ocr_line' id='line_1_22' title="bbox 198 2355 1218 2433; baseline 0.002 -17"><span class='ocrx_word' id='word_1_145' title='bbox 198 2365 296 2416; x_wconf 88' lang='lat' dir='ltr'>turam</span> <span class='ocrx_word' id='word_1_146' title='bbox 329 2358 430 2414; x_wconf 87' lang='lat' dir='ltr'>avium</span> <span class='ocrx_word' id='word_1_147' title='bbox 461 2355 602 2426; x_wconf 87' lang='lat' dir='ltr'>induere,</span> <span class='ocrx_word' id='word_1_148' title='bbox 634 2357 810 2433; x_wconf 89' lang='lat' dir='ltr'>praesertim</span> <span class='ocrx_word' id='word_1_149' title='bbox 841 2356 999 2430; x_wconf 84' lang='lat' dir='ltr'>lusciniae,</span> <span class='ocrx_word' id='word_1_150' title='bbox 1032 2367 1079 2414; x_wconf 84' lang='lat' dir='ltr'>est</span> <span class='ocrx_word' id='word_1_151' title='bbox 1111 2366 1218 2418; x_wconf 85' lang='lat' dir='ltr'>netum.</span> 
     </span>
     <span class='ocr_line' id='line_1_23' title="bbox 200 2438 1219 2522; baseline 0 -20"><span class='ocrx_word' id='word_1_152' title='bbox 200 2439 328 2502; x_wconf 88' lang='lat' dir='ltr'>Omnino</span> <span class='ocrx_word' id='word_1_153' title='bbox 356 2449 405 2502; x_wconf 89' lang='lat' dir='ltr'>est</span> <span class='ocrx_word' id='word_1_154' title='bbox 432 2438 580 2520; x_wconf 82' lang='lat' dir='ltr'>quaedam</span> <span class='ocrx_word' id='word_1_155' title='bbox 604 2440 861 2520; x_wconf 81' lang='lat' dir='ltr'>linguepoetieu,</span> <span class='ocrx_word' id='word_1_156' title='bbox 889 2443 977 2518; x_wconf 86' lang='lat' dir='ltr'>eujus</span> <span class='ocrx_word' id='word_1_157' title='bbox 1000 2461 1102 2502; x_wconf 84' lang='lat' dir='ltr'>omnes</span> <span class='ocrx_word' id='word_1_158' title='bbox 1123 2441 1219 2522; x_wconf 89' lang='lat' dir='ltr'>populi</span> 
     </span>
     <span class='ocr_line' id='line_1_24' title="bbox 198 2525 1219 2629; baseline -0.002 -41"><span class='ocrx_word' id='word_1_159' title='bbox 198 2529 311 2596; x_wconf 85' lang='lat' dir='ltr'>habent</span> <span class='ocrx_word' id='word_1_160' title='bbox 339 2529 463 2588; x_wconf 81' lang='lat' dir='ltr'>societat</span> <span class='ocrx_word' id='word_1_161' title='bbox 464 2545 524 2597; x_wconf 90' lang='lat' dir='ltr'>em,</span> <span class='ocrx_word' id='word_1_162' title='bbox 555 2533 699 2607; x_wconf 85' lang='lat' dir='ltr'>quantum</span> <span class='ocrx_word' id='word_1_163' title='bbox 726 2525 864 2604; x_wconf 86' lang='lat' dir='ltr'>equidem</span> <span class='ocrx_word' id='word_1_164' title='bbox 891 2535 997 2629; x_wconf 75' lang='lat' dir='ltr'>poetas</span> <span class='ocrx_word' id='word_1_165' title='bbox 1019 2547 1121 2588; x_wconf 89' lang='lat' dir='ltr'>eorum</span> <span class='ocrx_word' id='word_1_166' title='bbox 1142 2528 1219 2588; x_wconf 88' lang='lat' dir='ltr'>adire</span> 
     </span>
     <span class='ocr_line' id='line_1_25' title="bbox 198 2612 1251 2708; baseline 0 -34"><span class='ocrx_word' id='word_1_167' title='bbox 198 2615 294 2694; x_wconf 89' lang='lat' dir='ltr'>potui</span> <span class='ocrx_word' id='word_1_168' title='bbox 332 2613 429 2674; x_wconf 83' lang='lat' dir='ltr'>Certis</span> <span class='ocrx_word' id='word_1_169' title='bbox 451 2613 541 2672; x_wconf 86' lang='lat' dir='ltr'>rebus</span> <span class='ocrx_word' id='word_1_170' title='bbox 563 2620 611 2672; x_wconf 86' lang='lat' dir='ltr'>est</span> <span class='ocrx_word' id='word_1_171' title='bbox 633 2631 687 2671; x_wconf 84' lang='lat' dir='ltr'>sue</span> <span class='ocrx_word' id='word_1_172' title='bbox 708 2612 827 2708; x_wconf 82' lang='lat' dir='ltr'>poetica</span> <span class='ocrx_word' id='word_1_173' title='bbox 847 2615 949 2672; x_wconf 85' lang='lat' dir='ltr'>uota</span> <span class='ocrx_word' id='word_1_174' title='bbox 940 2615 1153 2693; x_wconf 77' lang='lat' dir='ltr'>ingeniumque</span> <span class='ocrx_word' id='word_1_175' title='bbox 1174 2633 1218 2694; x_wconf 88' lang='lat' dir='ltr'>ps·</span> <span class='ocrx_word' id='word_1_176' title='bbox 1250 2621 1251 2646; x_wconf 64' lang='lat'><strong>³</strong></span> 
     </span>
     <span class='ocr_line' id='line_1_26' title="bbox 200 2679 1218 2778; baseline -0.001 -18"><span class='ocrx_word' id='word_1_177' title='bbox 200 2700 310 2760; x_wconf 85' lang='lat' dir='ltr'>euliare</span> <span class='ocrx_word' id='word_1_178' title='bbox 334 2699 470 2759; x_wconf 89' lang='lat' dir='ltr'>omnibus</span> <span class='ocrx_word' id='word_1_179' title='bbox 492 2699 597 2758; x_wconf 86' lang='lat' dir='ltr'>valens</span> <span class='ocrx_word' id='word_1_180' title='bbox 620 2679 824 2776; x_wconf 81' lang='lat' dir='ltr'>temporibus&#39;</span> <span class='ocrx_word' id='word_1_181' title='bbox 851 2699 900 2758; x_wconf 84' lang='lat' dir='ltr'>Ita</span> <span class='ocrx_word' id='word_1_182' title='bbox 921 2699 1046 2760; x_wconf 82' lang='lat' dir='ltr'>luscinia</span> <span class='ocrx_word' id='word_1_183' title='bbox 1067 2719 1218 2778; x_wconf 86' lang='lat' dir='ltr'>personam</span> 
     </span>
     <span class='ocr_line' id='line_1_27' title="bbox 136 2783 1218 2864; baseline 0 -20"><span class='ocrx_word' id='word_1_184' title='bbox 136 2785 153 2836; x_wconf 80' lang='lat'>&#39;·</span> <span class='ocrx_word' id='word_1_185' title='bbox 200 2783 310 2844; x_wconf 90' lang='lat' dir='ltr'>doloris</span> <span class='ocrx_word' id='word_1_186' title='bbox 333 2804 434 2844; x_wconf 88' lang='lat' dir='ltr'>amore</span> <span class='ocrx_word' id='word_1_187' title='bbox 455 2784 506 2843; x_wconf 81' lang='lat' dir='ltr'>vel</span> <span class='ocrx_word' id='word_1_188' title='bbox 523 2785 635 2862; x_wconf 79' lang='lat' dir='ltr'>pietate</span> <span class='ocrx_word' id='word_1_189' title='bbox 655 2784 833 2863; x_wconf 85' lang='lat' dir='ltr'>queritantis</span> <span class='ocrx_word' id='word_1_190' title='bbox 847 2793 949 2844; x_wconf 89' lang='lat' dir='ltr'>tuetur</span> <span class='ocrx_word' id='word_1_191' title='bbox 964 2793 1024 2844; x_wconf 85' lang='lat' dir='ltr'>tam</span> <span class='ocrx_word' id='word_1_192' title='bbox 1039 2785 1120 2864; x_wconf 86' lang='lat' dir='ltr'>apud</span> <span class='ocrx_word' id='word_1_193' title='bbox 1134 2785 1218 2846; x_wconf 85' lang='lat' dir='ltr'>Indos</span> 
     </span>
     <span class='ocr_line' id='line_1_28' title="bbox 199 2867 1217 2949; baseline 0 -19"><span class='ocrx_word' id='word_1_194' title='bbox 199 2869 370 2949; x_wconf 79' lang='lat' dir='ltr'>Persasque</span> <span class='ocrx_word' id='word_1_195' title='bbox 399 2889 488 2948; x_wconf 89' lang='lat' dir='ltr'>quam</span> <span class='ocrx_word' id='word_1_196' title='bbox 517 2869 598 2948; x_wconf 84' lang='lat' dir='ltr'>apud</span> <span class='ocrx_word' id='word_1_197' title='bbox 625 2867 773 2941; x_wconf 84' lang='lat' dir='ltr'>Graecos,</span> <span class='ocrx_word' id='word_1_198' title='bbox 807 2869 973 2943; x_wconf 81' lang='lat' dir='ltr'>Romanos,</span> <span class='ocrx_word' id='word_1_199' title='bbox 1008 2869 1217 2932; x_wconf 86' lang='lat' dir='ltr'>Germanorum</span> 
     </span>
     <span class='ocr_line' id='line_1_29' title="bbox 199 2954 1217 3034; baseline -0.002 -18"><span class='ocrx_word' id='word_1_200' title='bbox 199 2957 346 3016; x_wconf 87' lang='lat' dir='ltr'>nationes.</span> <span class='ocrx_word' id='word_1_201' title='bbox 390 2954 540 3034; x_wconf 85' lang='lat' dir='ltr'>Exempla</span> <span class='ocrx_word' id='word_1_202' title='bbox 568 2955 616 3016; x_wconf 89' lang='lat' dir='ltr'>hie</span> <span class='ocrx_word' id='word_1_203' title='bbox 643 2975 704 3015; x_wconf 90' lang='lat' dir='ltr'>non</span> <span class='ocrx_word' id='word_1_204' title='bbox 731 2954 843 3016; x_wconf 84' lang='lat' dir='ltr'>habent</span> <span class='ocrx_word' id='word_1_205' title='bbox 870 2957 981 3028; x_wconf 78' lang='lat' dir='ltr'>locum,</span> <span class='ocrx_word' id='word_1_206' title='bbox 1009 2957 1098 3016; x_wconf 89' lang='lat' dir='ltr'>velim</span> <span class='ocrx_word' id='word_1_207' title='bbox 1125 2957 1217 3016; x_wconf 82' lang='lat' dir='ltr'>iumen</span> 
     </span>
     <span class='ocr_line' id='line_1_30' title="bbox 199 3041 1215 3121; baseline 0 -19"><span class='ocrx_word' id='word_1_208' title='bbox 199 3041 337 3102; x_wconf 84' lang='lat' dir='ltr'>attendas</span> <span class='ocrx_word' id='word_1_209' title='bbox 368 3048 466 3100; x_wconf 83' lang='lat' dir='ltr'>certos</span> <span class='ocrx_word' id='word_1_210' title='bbox 496 3041 628 3118; x_wconf 83' lang='lat' dir='ltr'>insignes</span> <span class='ocrx_word' id='word_1_211' title='bbox 657 3061 762 3100; x_wconf 87' lang='lat' dir='ltr'>versus</span> <span class='ocrx_word' id='word_1_212' title='bbox 789 3041 940 3120; x_wconf 85' lang='lat' dir='ltr'>Euripidis</span> <span class='ocrx_word' id='word_1_213' title='bbox 966 3045 998 3102; x_wconf 89' lang='lat' dir='ltr'>in</span> <span class='ocrx_word' id='word_1_214' title='bbox 1024 3042 1121 3101; x_wconf 87' lang='lat' dir='ltr'>ehon’s</span> <span class='ocrx_word' id='word_1_215' title='bbox 1149 3045 1215 3121; x_wconf 87' lang='lat' dir='ltr'>ejus,</span> 
     </span>
    </p>

    <p class='ocr_par' dir='ltr' id='par_1_8' title="bbox 154 3125 1214 3206">
     <span class='ocr_line' id='line_1_31' title="bbox 154 3125 1214 3206; baseline 0 -20"><span class='ocrx_word' id='word_1_216' title='bbox 154 3169 157 3176; x_wconf 84' lang='lat'><em>-</em></span> <span class='ocrx_word' id='word_1_217' title='bbox 201 3146 285 3206; x_wconf 85' lang='lat' dir='ltr'>quos,</span> <span class='ocrx_word' id='word_1_218' title='bbox 310 3127 445 3206; x_wconf 84' lang='lat' dir='ltr'>quamvis</span> <span class='ocrx_word' id='word_1_219' title='bbox 468 3126 590 3185; x_wconf 82' lang='lat' dir='ltr'>fortuito</span> <span class='ocrx_word' id='word_1_220' title='bbox 611 3136 727 3187; x_wconf 89' lang='lat' dir='ltr'>tantum</span> <span class='ocrx_word' id='word_1_221' title='bbox 750 3127 857 3186; x_wconf 82' lang='lat' dir='ltr'>fabulis</span> <span class='ocrx_word' id='word_1_222' title='bbox 881 3125 1044 3198; x_wconf 80' lang='lat' dir='ltr'>adhaerere</span> <span class='ocrx_word' id='word_1_223' title='bbox 1057 3127 1214 3201; x_wconf 75' lang='lat' dir='ltr'>videantur,</span> 
     </span>
    </p>

    <p class='ocr_par' dir='ltr' id='par_1_9' title="bbox 113 3207 1215 3462">
     <span class='ocr_line' id='line_1_32' title="bbox 185 3207 1215 3292; baseline 0 -21"><span class='ocrx_word' id='word_1_224' title='bbox 185 3207 254 3292; x_wconf 86' lang='lat' dir='ltr'>&#39;per</span> <span class='ocrx_word' id='word_1_225' title='bbox 276 3232 308 3272; x_wconf 87' lang='lat' dir='ltr'>se</span> <span class='ocrx_word' id='word_1_226' title='bbox 335 3232 492 3273; x_wconf 77' lang='lat' dir='ltr'>neuram</span> <span class='ocrx_word' id='word_1_227' title='bbox 522 3233 636 3272; x_wconf 87' lang='lat' dir='ltr'>summa</span> <span class='ocrx_word' id='word_1_228' title='bbox 663 3233 730 3274; x_wconf 89' lang='lat' dir='ltr'>eum</span> <span class='ocrx_word' id='word_1_229' title='bbox 751 3214 912 3289; x_wconf 87' lang='lat' dir='ltr'>imaginum</span> <span class='ocrx_word' id='word_1_230' title='bbox 934 3214 1155 3292; x_wconf 82' lang='lat' dir='ltr'>pulchritudine</span> <span class='ocrx_word' id='word_1_231' title='bbox 1174 3213 1215 3274; x_wconf 82' lang='lat' dir='ltr'>illo</span> 
     </span>
     <span class='ocr_line' id='line_1_33' title="bbox 113 3295 1213 3378; baseline 0.001 -21"><span class='ocrx_word' id='word_1_232' title='bbox 113 3295 121 3308; x_wconf 62' lang='lat'><em>¹</em></span> <span class='ocrx_word' id='word_1_233' title='bbox 202 3297 328 3357; x_wconf 83' lang='lat' dir='ltr'>effinxit.</span> <span class='ocrx_word' id='word_1_234' title='bbox 372 3299 420 3358; x_wconf 87' lang='lat' dir='ltr'>Ita</span> <span class='ocrx_word' id='word_1_235' title='bbox 446 3299 537 3358; x_wconf 84' lang='lat' dir='ltr'>Rhes.</span> <span class='ocrx_word' id='word_1_236' title='bbox 562 3301 623 3358; x_wconf 80' lang='grc'>546</span> <span class='ocrx_word' id='word_1_237' title='bbox 655 3295 882 3378; x_wconf 83' lang='lat' dir='ltr'>(pulcherrimus</span> <span class='ocrx_word' id='word_1_238' title='bbox 911 3308 1017 3360; x_wconf 82' lang='lat' dir='ltr'>cantus</span> <span class='ocrx_word' id='word_1_239' title='bbox 1045 3302 1213 3368; x_wconf 69' lang='lat' dir='ltr'>matutinum</span> 
     </span>
     <span class='ocr_line' id='line_1_34' title="bbox 198 3379 965 3462; baseline 0.004 -20"><span class='ocrx_word' id='word_1_240' title='bbox 198 3383 301 3444; x_wconf 88' lang='lat' dir='ltr'>item</span> <span class='ocrx_word' id='word_1_241' title='bbox 292 3403 324 3441; x_wconf 90' lang='lat' dir='ltr'>m</span> <span class='ocrx_word' id='word_1_242' title='bbox 345 3379 467 3460; x_wconf 83' lang='lat' dir='ltr'>Phaet.)</span> <span class='ocrx_word' id='word_1_243' title='bbox 489 3385 558 3444; x_wconf 89' lang='lat' dir='ltr'>Hel.</span> <span class='ocrx_word' id='word_1_244' title='bbox 577 3383 697 3456; x_wconf 86' lang='grc'><strong>1116,</strong></span> <span class='ocrx_word' id='word_1_245' title='bbox 689 3405 719 3444; x_wconf 91' lang='lat' dir='ltr'>m</span> <span class='ocrx_word' id='word_1_246' title='bbox 742 3383 822 3442; x_wconf 83' lang='lat' dir='ltr'>June</span> <span class='ocrx_word' id='word_1_247' title='bbox 844 3385 965 3462; x_wconf 91' lang='lat' dir='ltr'>pluries.</span> 
     </span>
    </p>

    <p class='ocr_par' dir='ltr' id='par_1_10' title="bbox 197 3465 1249 3980">
     <span class='ocr_line' id='line_1_35' title="bbox 285 3465 1249 3568; baseline 0.002 -40"><span class='ocrx_word' id='word_1_248' title='bbox 285 3465 413 3528; x_wconf 86' lang='lat' dir='ltr'>Ubit</span> <span class='ocrx_word' id='word_1_249' title='bbox 367 3477 413 3528; x_wconf 85' lang='lat' dir='ltr'>est</span> <span class='ocrx_word' id='word_1_250' title='bbox 433 3471 562 3550; x_wconf 89' lang='lat' dir='ltr'>populus</span> <span class='ocrx_word' id='word_1_251' title='bbox 584 3471 647 3539; x_wconf 91' lang='lat' dir='ltr'>ille</span> <span class='ocrx_word' id='word_1_252' title='bbox 677 3473 749 3549; x_wconf 90' lang='lat' dir='ltr'>quin</span> <span class='ocrx_word' id='word_1_253' title='bbox 775 3473 911 3530; x_wconf 77' lang='lat' dir='ltr'>montibus</span> <span class='ocrx_word' id='word_1_254' title='bbox 934 3482 1042 3568; x_wconf 84' lang='lat' dir='ltr'>eaput,</span> <span class='ocrx_word' id='word_1_255' title='bbox 1073 3473 1212 3538; x_wconf 84' lang='lat' dir='ltr'>verticem</span> <span class='ocrx_word' id='word_1_256' title='bbox 1248 3529 1249 3538; x_wconf 66' lang='grc'>,</span> 
     </span>
     <span class='ocr_line' id='line_1_36' title="bbox 197 3545 1212 3653; baseline 0.006 -39"><span class='ocrx_word' id='word_1_257' title='bbox 197 3553 307 3634; x_wconf 86' lang='lat' dir='ltr'>pedes,</span> <span class='ocrx_word' id='word_1_258' title='bbox 336 3563 453 3653; x_wconf 80' lang='lat' dir='ltr'>tergum</span> <span class='ocrx_word' id='word_1_259' title='bbox 480 3555 615 3616; x_wconf 84' lang='lat' dir='ltr'>tribuat?</span> <span class='ocrx_word' id='word_1_260' title='bbox 653 3555 709 3618; x_wconf 92' lang='lat' dir='ltr'>Vel</span> <span class='ocrx_word' id='word_1_261' title='bbox 737 3556 826 3616; x_wconf 90' lang='lat' dir='ltr'>etiam</span> <span class='ocrx_word' id='word_1_262' title='bbox 854 3545 979 3637; x_wconf 77' lang='grc' dir='ltr'><strong><em>οφρύες</em></strong></span> <span class='ocrx_word' id='word_1_263' title='bbox 1006 3567 1037 3617; x_wconf 88' lang='lat' dir='ltr'>et</span> <span class='ocrx_word' id='word_1_264' title='bbox 1064 3550 1212 3638; x_wconf 78' lang='grc' dir='ltr'>δειράδες,</span> 
     </span>
     <span class='ocr_line' id='line_1_37' title="bbox 200 3637 1212 3723; baseline 0 -24"><span class='ocrx_word' id='word_1_265' title='bbox 200 3637 409 3718; x_wconf 83' lang='lat' dir='ltr'>(eervices)</span> <span class='ocrx_word' id='word_1_266' title='bbox 401 3640 437 3698; x_wconf 84' lang='lat' dir='ltr'>ris</span> <span class='ocrx_word' id='word_1_267' title='bbox 469 3640 647 3706; x_wconf 85' lang='lat' dir='ltr'>addicuntur</span> <span class='ocrx_word' id='word_1_268' title='bbox 679 3643 751 3702; x_wconf 89' lang='lat' dir='ltr'>Ant.</span> <span class='ocrx_word' id='word_1_269' title='bbox 774 3643 846 3704; x_wconf 90' lang='grc'><strong>831.</strong></span> <span class='ocrx_word' id='word_1_270' title='bbox 897 3643 1010 3723; x_wconf 88' lang='lat' dir='ltr'>Utpote</span> <span class='ocrx_word' id='word_1_271' title='bbox 1044 3643 1126 3704; x_wconf 85' lang='lat' dir='ltr'>nullu</span> <span class='ocrx_word' id='word_1_272' title='bbox 1158 3649 1212 3703; x_wconf 82' lang='lat' dir='ltr'>eret</span> 
     </span>
     <span class='ocr_line' id='line_1_38' title="bbox 200 3725 1210 3808; baseline 0 -24"><span class='ocrx_word' id='word_1_273' title='bbox 200 3725 303 3798; x_wconf 81' lang='lat' dir='ltr'>arbor,</span> <span class='ocrx_word' id='word_1_274' title='bbox 330 3725 430 3786; x_wconf 87' lang='lat' dir='ltr'>nullus</span> <span class='ocrx_word' id='word_1_275' title='bbox 451 3746 550 3800; x_wconf 89' lang='lat' dir='ltr'>mons,</span> <span class='ocrx_word' id='word_1_276' title='bbox 578 3729 651 3808; x_wconf 90' lang='lat' dir='ltr'>quin</span> <span class='ocrx_word' id='word_1_277' title='bbox 673 3727 782 3788; x_wconf 82' lang='lat' dir='ltr'>Graeci</span> <span class='ocrx_word' id='word_1_278' title='bbox 802 3729 844 3788; x_wconf 90' lang='lat' dir='ltr'>illi</span> <span class='ocrx_word' id='word_1_279' title='bbox 864 3730 1059 3808; x_wconf 82' lang='lat' dir='ltr'>vegetissimi‚</span> <span class='ocrx_word' id='word_1_280' title='bbox 1089 3728 1210 3790; x_wconf 87' lang='lat' dir='ltr'>simodo</span> 
     </span>
     <span class='ocr_line' id='line_1_39' title="bbox 200 3809 1209 3893; baseline 0.004 -23"><span class='ocrx_word' id='word_1_281' title='bbox 200 3809 349 3872; x_wconf 76' lang='lat' dir='ltr'>humanae</span> <span class='ocrx_word' id='word_1_282' title='bbox 376 3819 501 3872; x_wconf 78' lang='lat' dir='ltr'>naturae</span> <span class='ocrx_word' id='word_1_283' title='bbox 529 3822 636 3892; x_wconf 87' lang='lat' dir='ltr'>typum</span> <span class='ocrx_word' id='word_1_284' title='bbox 661 3815 767 3893; x_wconf 88' lang='lat' dir='ltr'>prooul</span> <span class='ocrx_word' id='word_1_285' title='bbox 795 3815 1000 3888; x_wconf 85' lang='lat' dir='ltr'>ostenderent,</span> <span class='ocrx_word' id='word_1_286' title='bbox 1033 3835 1094 3876; x_wconf 90' lang='lat' dir='ltr'>non</span> <span class='ocrx_word' id='word_1_287' title='bbox 1123 3816 1209 3876; x_wconf 79' lang='lat' dir='ltr'>statim</span> 
     </span>
     <span class='ocr_line' id='line_1_40' title="bbox 199 3899 883 3980; baseline 0.007 -25"><span class='ocrx_word' id='word_1_288' title='bbox 199 3903 343 3978; x_wconf 79' lang='lat' dir='ltr'>tanquam</span> <span class='ocrx_word' id='word_1_289' title='bbox 364 3912 509 3976; x_wconf 83' lang='lat' dir='ltr'>personas</span> <span class='ocrx_word' id='word_1_290' title='bbox 531 3899 628 3958; x_wconf 88' lang='lat' dir='ltr'>animo</span> <span class='ocrx_word' id='word_1_291' title='bbox 652 3900 706 3960; x_wconf 88' lang='lat' dir='ltr'>sibi</span> <span class='ocrx_word' id='word_1_292' title='bbox 727 3901 883 3980; x_wconf 85' lang='lat' dir='ltr'>fingerent.</span> 
     </span>
    </p>
   </div>
   <div class='ocr_carea' id='block_1_5' title="bbox 0 0 1264 4450">
    <p class='ocr_par' dir='ltr' id='par_1_11' title="bbox 0 0 1264 4450">
     <span class='ocr_line' id='line_1_41' title="bbox 0 0 1264 4450; baseline 0 2"><span class='ocrx_word' id='word_1_293' title='bbox 0 0 1264 4450; x_wconf 95' lang='lat' dir='ltr'> </span> 
     </span>
    </p>
   </div>
  </div>
 </body>
</html>
