2530 4444
434 315 476 328 ...
520 283 582 346 33':
605 314 646 330 --.

33 477 120 536 rebus
141 474 360 546 describendis,
391 491 452 534 non
480 492 600 535 sensmn
629 473 752 554 agendis
775 485 923 555 occupent
944 477 1057 554 etjam

33 581 92 622 non
118 561 250 622 homines
277 560 435 620 affectibus
456 561 611 630 incitatos,
640 570 675 620 nt
694 559 738 620 its
758 559 880 642 loquar,
910 497 1058 644 sculpant,

33 639 86 708 so'd
107 652 173 707 aeta
193 647 328 732 pingant.
367 639 448 719 Quid
470 643 612 706 tandem?
634 633 874 706 Declamatoriae
889 647 962 710 nrtis
977 657 1057 722 sunt,

34 741 63 792 st
90 739 167 793 certe
194 733 267 792 artis
290 729 376 792 haud
404 731 516 791 vilioris
545 751 634 813 quam
656 733 753 812 poscit
774 731 923 811 dialogus,
952 735 995 794 ita
1023 744 1059 800 ut

33 819 203 878 histrionum
227 816 381 890 nonnulli,
410 803 494 877 volut
519 815 570 876 ille
596 817 785 880 Nicostratus
813 839 832 878 o
852 819 1057 899 Xenophonte

34 913 275 966 commemoratus
305 899 401 981 (Com.
418 901 471 963 Gr.
493 903 533 984 V.
548 903 622 968 365.
644 903 735 964 Prov
753 887 842 965 Coisl.
861 899 936 984 124)
965 907 1075 984 etiam,

32 991 106 1050 his'
97 1011 127 1050 ιιι
148 989 237 1054 sehns
260 989 390 1052 maxima
410 987 499 1050 laude
521 970 627 1050 llorere
649 988 851 1072 potuerint*).
896 989 928 1052 Si
955 1001 1058 1052 eutem

32 1080 61 1136 in
83 1075 199 1156 dialogo
221 1095 347 1136 necesse
368 1084 434 1136 erat
453 1073 558 1135 histrio
580 1077 707 1158 propriis
729 1077 860 1138 moribus
883 1097 950 1140 sose
965 1097 1056 1138 exue·
1092 1088 1096 1107 “
1127 1087 1136 1128 l

33 1173 85 1235 ret
108 1162 361 1242 alienissimnsque
383 1170 506 1221 naturas
529 1159 694 1241 effingeret,
717 1165 822 1223 nuntio
844 1164 875 1222 in
891 1163 1058 1243 sua'ipsins

34 1259 149 1308 natura
163 1249 319 1328 quiescere
343 1245 426 1307 licuit
452 1247 584 1328 nihilque
612 1249 668 1308 nisi
696 1249 919 1310 exercitationis
945 1248 1057 1331 aliquid

33 1337 62 1394 in
82 1331 232 1394 recitando
255 1353 329 1413 opus
353 1341 425 1392 erat.
1073 1407 1076 1416 „

115 1415 175 1480 Sed
196 1418 279 1480 lucra
302 1438 381 1500 quae
403 1417 523 1480 tandem
546 1427 630 1492 sunt,
653 1440 731 1500 quae
753 1439 832 1482 exe
815 1421 913 1501 opica,
937 1431 972 1480 ut
993 1395 1056 1502 opi·

34 1515 146 1578 uantur,
169 1513 278 1564 natura
299 1504 406 1564 harum
428 1505 595 1565 orationum
611 1525 677 1566 sose
693 1506 800 1567 fecisse
804 1505 943 1586 putant?
975 1507 1057 1566 Nihil

34 1595 92 1652 fcrc
119 1589 213 1664 alind,
242 1591 299 1652 nisi
327 1592 897 1689 angmentumsyllnbicumomissum,
925 1593 1057 1673 dequo,
1136 1653 1141 1669 ζ

36 1699 120 1758 quum
142 1677 237 1741 solum
259 1675 295 1737 ad
317 1677 372 1737 hos
395 1664 506 1760 ῥήσεις
527 1679 678 1758 portinere
703 1677 860 1752 dicatur,
847 1700 912 1758 Jem
933 1676 981 1739 hic
1004 1699 1055 1739 ex

35 1783 220 1842 ponam..
1070 1775 1072 1783 '

438 1979 643 1994 W
693 1977 696 1987 ¹

79 2243 136 2316 De
164 2254 364 2340 augmento
391 2241 566 2342 syllabico
594 2241 742 2332 omisso,
771 2243 817 2316 de
845 2241 1006 2316 elisione.

485 2434 514 2512 s.
533 2437 589 2534 ιι.

23 2549 25 2556 “
113 2556 151 2615 Iu
173 2554 281 2615 fabulis
309 2518 472 2616 tractandis
501 2553 568 2614 id
559 2556 693 2634 inprimis
722 2543 796 2615 nihil
816 2528 924 2616 morari
948 2555 1055 2627 solent,

37 2641 163 2702 dramata
190 2643 301 2720 scripte
329 2660 396 2700 esse
418 2649 450 2702 et
471 2641 571 2713 scribi,
600 2642 664 2700 ut
655 2661 687 2702 ιιι
709 2660 801 2702 scona
821 2647 962 2718 gantur,
992 2660 1054 2700 non

36 2730 231 2808 ut.legantur
267 2727 324 2787 Illa
346 2728 424 2785 enim
447 2726 582 2787 dramata
604 2716 827 2803 ἆναγνωστικά
847 2725 928 2805 opud
951 2744 1054 2786 omnes
1080 2753 1084 2758 ·
1151 2725 1153 2728 ’

36 2815 164 2894 populos,
187 2814 239 2893 qui
259 2812 367 2875 litteris
389 2812 515 2872 excultis
530 2812 703 2890 gloriantur,
727 2819 856 2872 aetatem
872 2813 1003 2870 artium
990 2833 1055 2890 Jam

36 2909 199 2980 corruptam
219 2907 377 2969 testantur,
400 2899 523 2977 atqucj
526 2918 574 2957 am
596 2897 749 2957 oculorum
771 2912 862 2958 causa
885 2900 964 2957 omni
985 2919 1054 2958 cum
1122 2909 1126 2919 '

36 2987 221 3063 grammatica
242 2981 398 3064 diligentie
419 2983 530 3064 scripta
544 3004 581 3043 ca
595 3003 661 3042 esse
677 2992 804 3063 oportet.
837 2983 938 3044 Verus
954 2993 1054 3043 autem
1163 3005 1164 3010 ¹

37 3083 117 3148 poeta
139 3088 248 3132 scenae
270 3071 387 3144 scribit,
405 3090 471 3144 non
493 3069 626 3142 lectioni,
648 3088 748 3152 neque
769 3069 978 3148 grammaticae
1000 3067 1054 3128 sed

38 3153 91 3217 aori
111 3155 247 3224 πάθους
267 3157 439 3218 necessitati
462 3155 615 3236 subjectus
631 3163 687 3219 est.
724 3157 832 3238 Itaque
849 3155 1054 3236 quaestionem

38 3253 121 3304 totam
144 3245 297 3323 augmenti
319 3252 350 3303 et
372 3240 503 3303 elisionis
519 3241 558 3302 ad
572 3251 693 3322 pactum
709 3241 858 3322 quoddam
873 3249 1053 3300 conventum

40 3331 174 3404 ejusmodi
195 3329 293 3389 redire
316 3330 463 3409 suspicor,
492 3348 531 3388 ex
554 3347 614 3410 quo
637 3326 811 3406 significatio
834 3327 1055 3406 typographica

38 3418 164 3490 proxime
185 3415 224 3476 ad
245 3421 350 3476 vocem
371 3415 471 3475 vivam
493 3414 625 3481 accedat.
669 3415 706 3473 In
729 3412 836 3492 quibus
851 3431 957 3492 perum
973 3433 1052 3472 scru-

38 3519 134 3575 posum
162 3503 246 3562 novit
272 3503 374 3579 lingue
402 3501 565 3572 histrionis,
596 3519 633 3559 ea
653 3498 792 3558 videlicet
814 3493 862 3557 od'
875 3497 1054 3560 certissimas

23 3584 110 3665 ,leges
133 3607 200 3650 esse
221 3587 342 3648 redacta
363 3587 469 3646 volunt
492 3587 568 3646 oculi
589 3586 743 3646 lectorum.

103 3825 137 3908 *)
147 3809 208 3894 flu
221 3818 289 3932 γὰρ
298 3767 562 3932 ιΝιιιιισιριιιρς
567 3815 745 3928 ὑποκριτὴς
759 3815 907 3907 τραγικὸς
921 3816 1054 3905 ἄριστος

41 3913 87 3974 καὶ
108 3910 289 3994 μάλισια”
272 3935 308 3978 ao
328 3917 401 3982 ταῖς
423 3909 489 3976 coia
511 3903 666 3990 cinctos
674 3905 896 4061 ιιξιιγγιλίιιθις.Ι
