2530 4444
631 259 824 315 ...·4..

214 466 351 530 poreque
374 455 408 508 et
428 445 622 510 admiratione
643 443 779 504 homines
802 444 1001 504 obrueret-·-
1016 443 1068 502 ille
1089 459 1156 502 cum
1178 443 1249 502 sim·

215 535 351 614 plicitate
373 533 541 604 liberorum,
566 532 618 610 qui
641 550 700 609 quo
723 530 817 608 magis
834 531 910 588 mire
923 537 1054 598 narrent,
1078 547 1125 587 co
1129 529 1249 588 facilius

213 619 303 681 fidem
331 639 365 678 se
394 619 505 678 habere
527 625 650 696 putant.
695 617 746 676 ln
754 615 869 674 muodo
887 616 938 676 illo
960 615 1131 694 Aeschyleo
1154 614 1248 674 domi·

107 771 108 776 1
213 713 307 764 moute
337 698 370 763 vi
386 707 445 782 ,Jus
474 712 521 763 est
547 721 640 782 penes
663 702 816 762 arbitrium
839 711 931 780 atque
953 709 1102 763 eventum.
1148 701 1248 760 Abest

215 791 313 850 adhuc
341 791 470 850 civitatis
499 789 660 868 legumque
687 787 795 859 tutela,
831 806 921 866 quam
949 786 1067 866 quidem
1095 795 1188 865 pocta
1218 787 1247 844 iu

211 886 369 957 postremo
394 875 512 934 demum
531 893 654 954 operum
670 893 790 934 suorum
805 874 940 945 instituit,
964 871 1037 934 deor
1050 873 1190 932 iaciens'
1176 891 1247 950 pure

187 963 410 1022 frondentes
402 981 434 1019 ιιι
456 962 626 1040 Areopago.

302 1047 453 1120 Quamvis
477 1066 567 1125 aegre
592 1067 623 1105 a
622 1046 717 1105 nobis
745 1047 951 1126 impetremus,
976 1054 1014 1103 ut
1037 1043 1195 1124 Sophoclis
1218 1052 1246 1101 et

213 1133 370 1212 Euripidis
393 1151 539 1212 personas
562 1134 660 1192 animo
677 1134 848 1210 cogitemus
866 1130 980 1208 ‘grandi
995 1133 1074 1190 uisas
1090 1121 1247 1188 cothuruc’

215 1219 404 1299 quadamque
433 1219 566 1278 mimicae
589 1221 738 1297 gravitate
761 1227 944 1288 exstructas,
974 1237 991 1276 e
1014 1217 1162 1276 contrario
1186 1216 1244 1274 Ae·

213 1305 338 1384 schylea
365 1296 550 1384 πρόσωπα,
579 1307 603 1364 si
631 1305 661 1362 in
690 1304 825 1382 vulgari
836 1303 987 1372 hominum
1014 1319 1156 1362 mensure
1177 1321 1244 1380 pro·

213 1390 345 1462 diissent
370 1410 436 1449 cum
460 1387 596 1450 scr'mone
618 1409 671 1448 suc
695 1375 892 1468 grandiloquo
912 1391 985 1448 mire
1000 1388 1240 1467 discrepuisseut,

213 1477 364 1556 planeque
387 1476 513 1534 ridicula
533 1476 669 1536 fuissent.

688 1662 716 1740 i·
736 1664 764 1726 5.
790 1695 791 1700 ¹

617 1829 618 1838 ι
662 1783 788 1846 Actio.

208 1934 220 1962 ι
300 1903 403 1980 Quum
425 1923 474 1964 ars
496 1907 612 1964 mimica
634 1903 716 1984 apud
739 1923 805 1964 eum
828 1923 933 1983 parum
955 1905 1083 1976 exculto,
1106 1913 1137 1965 et
1155 1899 1260 1965 semul

206 1991 403 2064 rsffectionss,
433 1995 459 2050 si
480 1992 574 2050 verbo
598 2003 645 2050 est
666 1991 769 2060 venia,
798 1990 894 2049 adhuc
916 1992 1151 2062 materterisint,
1180 2008 1240 2050 cor

212 2098 319 2156 porum
341 2077 461 2135 habitus
483 2095 543 2134 non
564 2075 689 2134 multum
710 2084 810 2135 motus
833 2097 868 2136 ac
890 2077 1122 2155 perturbationis
1144 2087 1260 2142 osters-¹

214 2161 271 2234 dit,
301 2181 394 2242 quare
417 2161 628 2221 Prometheum
650 2161 699 2220 vel
721 2163 828 2221 vinctis
857 2163 982 2222 artubus
1009 2163 1119 2242 primas
1141 2157 1260 2241 partes*

214 2268 304 2326 agere
327 2247 474 2309 videmus.
511 2248 576 2306 Hos
600 2256 700 2306 autem
722 2257 1036 2326 personarum'mores
1056 2249 1130 2307 mira
1145 2249 1239 2328 specie

213 2335 345 2392 imitetur
375 2353 477 2392 earum
507 2335 609 2392 oratio.
655 2332 808 2392 Abhorret
829 2353 865 2392 ea
887 2353 905 2392 a
928 2333 1119 2412 periodorum
1141 2343 1239 2392 rotun-

198 2418 308 2478 ditate
339 2420 425 2478 sicuti
453 2418 587 2478 homiues
614 2418 653 2476 ab
681 2419 831 2496 elegantia
857 2438 982 2480 morum.
1033 2420 1181 2491 Affectus,
1209 2429 1241 2478 ut

214 2504 395 2585 validissime
424 2515 601 2576 nascuntur,
629 2505 672 2564 sic
700 2505 892 2576 effunduntur
920 2505 1073 2586 asyndetis
1100 2505 1182 2566 doris
1211 2514 1239 2564 et

213 2587 395 2670 imperiosis,
430 2587 614 2650 anacoluthis
643 2592 826 2670 asperrimis,
860 2588 1051 2671 pressissimis
1081 2593 1240 2671 oxymoris,

214 2697 295 2736 nuuc
323 2679 416 2738 incise
443 2679 475 2735 in
503 2677 612 2755 exigua
642 2677 707 2736 cole
736 2685 908 2758 erumpunt,
937 2697 1018 2736 nuuc
1040 2675 1190 2756 profusius
1211 2678 1240 2734 in

215 2763 331 2840 ingenti
353 2763 511 2822 verborum
534 2763 647 2822 ambitu
661 2763 888 2842 provolvuntur.
924 2763 1064 2822 Profecto
1080 2763 1240 2822 membrum

217 2849 360 2906 orationis
390 2848 531 2928 quodque
552 2849 605 2908 tibi
628 2847 756 2928 prodere
777 2849 910 2922 videtur,
941 2869 1030 2928 quam
1051 2848 1241 2922 vehementer

208 2931 267 2993 ede
276 2933 416 2993 libertate
439 2949 494 2992 oua
516 2931 645 2994 luctetur
667 2955 818 3016 quemque
840 2935 960 2996 difficile
982 2943 1147 3014 syntaxeos
1166 2936 1238 3012 jugo

216 3019 419 3098 submittatur.
456 3019 545 3080 Unde
559 3020 627 3080 illae
643 3021 797 3100 enallogse
815 3039 946 3091 casuum,
968 3022 1095 3097 generis,
1118 3021 1237 3090 numeri,

215 3105 296 3164 uude
319 3105 361 3164 illi
384 3123 471 3164 cesus
494 3105 636 3178 absoluti,
665 3107 744 3166 uude
765 3106 839 3165 illud
861 3105 1002 3184 loquendi
1023 3125 1117 3184 gemm
1139 3110 1237 3166 edoce

182 3224 186 3232 =
215 3195 351 3336 ιιιιιίιιιιιιιὲ
378 3193 568 3268 cepstaticum
597 3197 812 3269 disjunctivam,
839 3210 895 3251 nec
916 3209 989 3250 vero
1019 3194 1145 3268 crusec,
1172 3209 1237 3252 ocn-

206 3279 325 3335 ·ditiorro
353 3320 360 3335 .

685 3413 769 3492 eo.

302 3534 471 3616 Aeschylus
493 3537 595 3613 igitur,
620 3553 712 3614 quum
733 3535 890 3613 plasticam
912 3545 1021 3609 artem,
1051 3557 1111 3616 qua
1133 3535 1237 3598 Graeci

216 3627 372 3699 tantopere
395 3621 628 3692 delectabantur,
651 3620 783 3680 noudum
805 3623 836 3680 in
852 3622 968 3682 actione
984 3623 1151 3695 collocaret,
1174 3643 1236 3682 eam

215 3705 247 3764 in
270 3707 465 3784 cogitationes
487 3706 650 3784 delegavit,
680 3708 841 3788 potiusque
867 3709 898 3766 iu
924 3727 962 3767 ea
983 3727 1060 3787 quse
1081 3718 1235 3768 narrantur

215 3799 248 3850 et
269 3799 356 3850 extra
378 3810 495 3850 scenam
518 3791 602 3864 fiunt,
628 3793 706 3854 unde
723 3795 819 3872 magis
834 3793 991 3872 cogitando
1007 3812 1096 3873 quam
1109 3793 1235 3854 videndo

216 3877 393 3956 spectatoris
421 3877 549 3938 animum
578 3889 719 3960 occupat,
748 3889 841 3961 etque
866 3881 909 3939 its
937 3879 1071 3960 quidem,
1102 3888 1135 3938 ut
1154 3881 1235 3959 pingi
