2520 4450
306 257 668 342 “-ss-

43 467 201 528 aetatibus
229 487 295 530 esse
322 469 429 546 ahena.
483 469 563 528 Hinc
596 477 658 544 est,
691 467 771 550 qnod
804 467 884 548 apud
915 467 1079 528 Homerum

43 554 139 614 nulla
164 555 193 612 in
223 556 346 634 singulis
374 554 473 614 verbis
496 563 526 612 et
549 555 780 634 cogitationibus
801 553 947 613 antitheta
967 555 1078 633 raperi-

43 660 135 708 mns,
159 640 225 712 scd,
247 641 299 700 ubi
319 641 490 720 plurimum,
512 641 543 698 in
565 642 713 701 universis
734 659 929 721 personarum
951 641 1077 701 notatio·

42 727 141 786 nibus
176 723 400 807 (Polyphemus
423 757 462 770 -
487 724 658 806 Odyssens3
697 726 851 786 Thersites
875 757 914 768 -
937 726 1077 798 Atridae;

44 812 297 912 Theoclymenos
319 845 359 856 -
383 814 467 892 proci
495 814 700 892 superbientes
724 809 782 873 Od.
806 815 854 882 20,
877 809 964 888 351)
1009 809 1077 884 Quo

42 901 148 976 magis
178 908 276 958 autern
304 900 433 978 populus
456 899 501 957 sui
522 899 556 956 fit
578 899 728 970 conscius,
758 917 878 978 quoque
899 898 967 976 plus
988 899 1078 956 ratio-

44 999 129 1043 num
146 993 178 1044 et
196 985 375 1063 jndiciornm
397 993 570 1085 Unquam
564 992 775 1063 prospectuum
796 983 931 1044 ascendit
952 984 1077 1054 animus,

44 1089 82 1128 eo
110 1071 255 1130 artifioins
277 1071 475 1130 exaedificant
497 1072 670 1134 orationem
713 1071 822 1151 Itaque
842 1071 1004 1128 maximnm
1026 1089 1077 1148 op-

43 1157 219 1256 posit-orum
247 1176 333 1215 usum
361 1157 473 1236 ubique
500 1157 631 1235 reperies
659 1156 738 1236 apud
763 1164 869 1234 poetas
891 1155 1078 1226 dramaticon,

46 1245 164 1321 quippe
192 1263 284 1323 quum
313 1242 415 1301 drama
443 1243 536 1301 omnis
565 1242 662 1301 cultus
690 1242 839 1319 fastigium
868 1242 915 1301 sit.
965 1238 1078 1300 Omnes

45 1337 152 1387 tamen
181 1338 212 1387 et
239 1329 371 1408 singalas
399 1329 489 1407 hujus
517 1329 588 1386 artis
615 1337 716 1407 partes
744 1337 912 1388 monstrare
943 1327 1078 1399 aliorum,

47 1416 72 1473 si
97 1413 158 1474 dcc
180 1415 288 1492 placet,
313 1423 479 1493 temporum
501 1415 565 1485 erit,
588 1413 636 1473 hic
658 1415 736 1474 enim
755 1432 923 1492 ,persequar
943 1431 1051 1473 meum.

515 1576 544 1653 a.
569 1579 621 1642 ss.

137 1715 232 1794 Apud
266 1714 442 1795 Sophoclem
477 1717 680 1795 oppositorum
713 1715 925 1774 feracissimam
959 1724 1081 1794 poetam

34 1795 210 1880 ‘tantopere
239 1823 294 1882 per
323 1811 403 1860 totas
431 1802 548 1863 fabulas
577 1801 785 1860 disseminat-ac
813 1811 882 1859 sunt
909 1801 966 1860 hae
1000 1821 1079 1879 sym-

48 1887 185 1966 phociae
208 1885 369 1958 discordes,
392 1897 426 1945 ut
447 1887 516 1946 inde
539 1909 557 1946 a
571 1890 642 1948 totis
657 1907 852 1987 personarum
867 1889 1080 1946 contrariarum

49 1973 257 2032 notationibus
287 1969 333 2050 (v.
356 1971 458 2050 315)
492 1993 588 2054 usqne
621 1973 660 2032 ad
694 1974 813 2032 minima
846 1973 987 2031 orationis
1015 1973 1081 2032 cola

51 2059 228 2126 decurrant,
255 2060 306 2118 ubi
328 2080 438 2118 nomen
460 2061 561 2120 ierunt
583 2080 804 2158 oxymororum.
848 2059 978 2129 Habeas,
1002 2077 1081 2160 qnae

50 2147 80 2203 in
105 2155 245 2224 promptu
269 2157 347 2208 scint.

95 2225 212 2299 σκότος
233 2227 369 2331 βλέπειν
393 2229 430 2294 Ο.
445 2231 484 2294 R.
500 2235 571 2304 419,
593 2233 663 2303 972,
681 2197 773 2292 1273

96 2335 211 2400 φωννν
233 2307 317 2396 ὁρᾶν
340 2315 390 2396 (de
412 2339 501 2378 caeco
526 2316 649 2396 dictum)
674 2315 710 2378 Ο.
729 2317 762 2379 Ο.
782 2318 841 2376 138
864 2316 910 2376 cf.
927 2313 964 2377 0.
982 2317 1015 2424 (1.
1031 2319 1082 2396 74,

57 2410 60 2421 ’
164 2405 233 2472 146,
257 2403 460 2470 O.R.1325.
1174 2411 1176 2416 '

96 2486 169 2589 φοῖς
192 2482 329 2568 ἅφεγγές
353 2489 390 2550 0.
407 2491 440 2550 Ο
460 2492 552 2555 1549.

98 2569 136 2636 ici
162 2571 276 2645 σκότος
297 2567 380 2654 ἐμὸν
403 2573 496 2655 φάος,
521 2557 678 2658 ἔρεβοςω
694 2567 918 2655 φαεννότατον
939 2575 990 2652 Aj.
1009 2574 1081 2632 394.

162 2661 208 2722 cf.
224 2661 339 2723 Phoen.
357 2664 428 2734 377,
452 2661 624 2766 Choeph
599 2663 670 2730 317.

97 2739 141 2815 οἷς
165 2768 210 2819 τις
224 2739 339 2905 “Ago
339 2750 585 2826 παρακείμενος
608 2737 671 2829 ὁρᾳ
693 2745 770 2804 Phil.
788 2747 859 2805 861

98 2835 256 2936 βέβηκεν
320 2828 473 2915 ακινήτον
495 2829 602 2901 ποδός
624 2834 718 2892 evita
733 2831 862 2890 decessit
883 2831 994 2893 Trach.
1009 2834 1081 2894 875.

102 2939 206 2988 νπνος
229 2913 354 2987 ἄυπνος
376 2920 453 2979 Phil.
470 2923 541 2980 848.

54 3007 125 3066 Non
147 3018 245 3086 pau'ca
267 3009 418 3087 congessit
439 3006 576 3068 1310me
568 3027 600 3064 ιο
622 3005 712 3084 gloss.
735 3005 794 3082 Ag.
812 3007 862 3066 81.

409 3231 411 3236 ,
513 3168 542 3248 §-
567 3171 618 3230 aa.

142 3308 179 3366 ln
201 3299 365 3385 hypallcya'
383 3307 536 3386 epitheton
558 3305 597 3365 ad
618 3308 783 3385 genitivam
804 3306 957 3384 pertinens
979 3326 999 3364 a
1013 3306 1080 3365 snb·

59 3396 190 3452 stantivo
220 3395 316 3452 aliano
345 3389 518 3466 attrahitur,
548 3393 628 3474 quod
656 3392 775 3472 quidem
802 3391 1010 3472 explicandum
1036 3400 1083 3450 est

57 3479 168 3538 exilio
193 3479 376 3540 Graecorum
399 3479 511 3552 studio,
541 3499 557 3538 c
580 3499 640 3558 quo
662 3475 831 3538 notionibus
855 3479 967 3556 jejunis
989 3486 1082 3556 atque

55 3567 215 3625 abstractis
231 3565 337 3624 coloris
354 3585 443 3646 quam
456 3575 584 3664 possunt
598 3565 768 3631 maximum,
790 3563 972 3634 adtribuunt,
988 3570 1081 3642 atque
1159 3593 1161 3598 .

55 3651 114 3712 hoc
137 3651 197 3710 tale
219 3649 402 3711 adtributum
422 3652 465 3710 rei
480 3660 637 3710 concretae
652 3649 781 3710 adimere
798 3669 888 3729 quam
902 3650 1083 3709 abstractam

56 3738 168 3796 infinite
189 3755 302 3816 ponere
324 3737 446 3799 uadunt.
1117 3781 1121 3795 .

99 3821 137 3884 0.
158 3823 196 3886 Β
221 3813 350 3882 1375‘
331 3845 352 3906 q
380 3821 500 3884 τέκνων
527 3813 604 3908 ὄψις
630 3801 669 3904 ἦν
695 3813 868 3903 ἐφίμερος,
905 3813 1082 3900 amoeno*
1197 3813 1205 3823 ’

164 3900 256 3977 ὅπως
278 3903 427 3990 ἔβλαστε.
