2530 4444
581 259 792 318 4342-

109 483 455 525 ¹.··‹·
636 455 830 570 §.sos

197 565 413 668 Reisigius
437 581 571 664 (Oonjss
559 605 589 642 444
604 584 658 644 Ar'.
674 605 704 664 p.
722 581 775 660 79)
798 580 882 660 rejici
902 577 988 674 putet
1003 593 1206 668 augmentum,

178 663 235 732 44141
258 689 326 744 „res
355 681 465 750 magne
491 679 522 729 et
549 671 664 748 grecis,
694 669 744 752 uel
773 687 852 727 nova
874 667 963 730 etiem
985 669 1146 732 vocabulo
1155 669 1205 728 illo

177 765 326 832 narretur,
349 777 427 838 quae
450 765 480 816 et
503 757 584 816 vocis
607 755 773 814 intentione
796 763 826 813 et
848 763 986 832 gestuum
1001 765 1086 819 motu
1099 757 1205 817 animis

178 843 347 904 auditorum
368 842 547 905 inculcetur.
547 843 563 871 “
606 839 720 922 Lepide
738 839 1205 942 414141444414444444444444441444-

161 929 259 990 'dicat
281 928 362 991 houd
384 929 486 1010 paucis
509 923 660 988 14414.δί
684 927 814 986 notionis
828 927 961 1006 34441444
976 927 1088 1025 aliquid
1103 924 1205 1008 volere
1241 953 1250 1006 J

182 1010 313 1087 deberet,
336 1013 365 1073 41
386 1034 447 1074 non
470 1035 536 1073 cum
558 1010 748 1074 Schuetzio
740 1034 769 1100 444]
792 1011 876 1075 Pers.
902 1009 963 1070 313
986 1001 1066 1082 ναὸς
1087 1007 1123 1081 ἐκ
1145 1009 1206 1094 μιᾷ

178 1102 309 1202 'nepem
340 1099 406 1170 sod,
436 1109 470 1160 ut
491 1097 708 1160 Veuviiicrsius
728 1087 897 1200 proposuit,
926 1097 1114 1160 scribendum
1141 1109 1206 1160 eret

179 1177 260 1256 ναὸς
283 1179 406 1248 ἔπεσον
427 1179 464 1246 ἐκ
485 1182 572 1265 μιᾶς,
594 1206 664 1244 nem
681 1187 762 1244 notio
779 1183 950 1264 principalis
965 1188 1044 1246 inest
1065 1187 1097 1248 in
1118 1181 1206 1264 μιᾶς

182 1272 363 1376 (Meinekius
379 1292 418 1332 ex
432 1273 514 1332 libris
538 1263 574 1332 ἐκ
596 1267 673 1350 μιᾶς
694 1267 848 1346 πέσον).
860 1269 897 1330 In
912 1271 1017 1332 eedem
1030 1271 1133 1332 fabule
1143 1273 1207 1332 416

180 1368 227 1420 est
254 1358 392 1440 παίοντ’,
416 1351 581 1460 ἔθραυον.
633 1358 713 1417 Num
746 1357 832 1416 alteri
865 1366 1059 1434 arrgmeutum
1079 1354 1208 1438 1144144441

179 1443 273 1512 verbo
295 1447 391 1506 minus
413 1445 569 1522 gravitatis
590 1445 670 1504 inest
692 1463 781 1524 quam
801 1441 915 1522 priori?
951 1443 1085 1504 Aliorum
1107 1463 1226 1506 exem.

180 1531 299 1613 piorum
321 1531 402 1590 41144
381 1539 447 1599 t1‚m
471 1531 523 1610 qui
545 1532 673 1610 quaerit,
696 1529 833 1608 reperiet.
879 1527 965 1604 Quae
987 1529 1078 1606 igitur
1099 1549 1209 1590 censue

180 1627 264 1688 sunt,
298 1635 351 1678 cur
380 1617 511 1694 gravitas
540 1617 670 1675 notionis
698 1617 728 1674 in
756 1615 906 1710 augmenti
929 1615 1087 1676 omissione
1109 1616 1227 1696 posite¹

181 1693 254 1764 sit?
266 1707 357 1782 quum
371 1703 469 1782 poete
491 1697 572 1761 h'eu'd
592 1703 729 1783 profecto
751 1722 819 1760 raro
843 1701 1035 1780 augmentum
1057 1699 1209 1786 admiserit

180 1791 213 1849 in
234 1789 332 1849 serbis
354 1790 529 1866 grauitatem
554 1788 703 1868 quendam
727 1808 832 1846 resero
854 1788 995 1847 eontinen
997 1787 1085 1859 tibus,
1109 1776 1209 1865 cujus

180 1875 270 1935 modi
287 1875 535 1936 innumerabiles
544 1874 626 1934 iocos
657 1894 774 1954 prem
758 1873 892 1930 4444411444
923 1871 1003 1951 apud
1030 1871 1210 1952 Sophoclem

180 1961 334 2024 hebemus.

641 2094 670 2172 ξ.
694 2098 746 2155 434

269 2217 359 2292 Quod
387 2217 425 2278 etl
447 2215 580 2280 Soidleri·
599 2218 779 2280 seutentiam
808 2217 932 2286 attinet.
953 2220 1018 2295 14444
1044 2238 1142 2298 supre-
1159 2238 1213 2278 ex-

78 2351 81 2364 .
183 2324 296 2386 ponere
325 2312 450 2363 conatus
480 2322 546 2362 sum
574 2303 727 2380 augmenti
756 2303 946 2362 omissionem
974 2305 1093 2363 minime
1127 2304 1213 2382 spice

184 2389 314 2470 quadem
335 2388 453 2448 illorum
475 2396 583 2448 44444444
605 2389 740 2447 effectam
762 2407 829 2447 esse
851 2409 950 2466 posse.
987 2391 1064 2450 Nam
1087 2389 1213 2448 totidem

184 2483 253 2536 eunt
241 2475 399 2534 taliorum
421 2475 584 2534 locorum
577 2495 606 2536 444
629 2474 814 2534 sermonibus
837 2474 972 2548 alternis,
998 2476 1047 2536 ubi
1069 2495 1213 2556 augmen·

184 2565 249 2622 tum
275 2561 410 2621 4141444444
433 2561 569 2620 omissum.
614 2557 662 2619 Ita
685 2561 758 2624 Ant.
773 2560 846 2629 457,
864 2559 935 2624 557.
958 2562 1010 2641 Aj.
1028 2561 1097 2632 557,
1117 2561 1256 2656 1311.]3

181 2647 296 2751 frosch.
313 2650 386 2708 381.
409 2645 489 2744 Phil.
504 2647 576 2736 360.
600 2645 637 2708 Ο.
654 2647 688 2707 C.
707 2647 799 2705 1349.
823 2647 861 2707 nl.
878 2645 896 2705 1.
987 2706 991 2715 ,

644 2800 676 2877 ξ.
698 2803 750 2864 44.
965 2821 967 2830 ·
1254 2639 1256 2838 1

215 2913 321 2982 Ex
344 2921 480 2982 omuibus
504 2930 603 2981 4444444
625 2921 755 3000 legibus
763 2923 881 2982 minime
896 2917 1043 3004 placent,
1047 2943 1122 3006 ques
1136 2923 1213 2984 Her-

186 3009 313 3096 4144444444
342 3010 445 3068 statuit
468 3009 610 3088 quinque.
656 3005 736 3081 Quid
758 3005 819 3067 ita?
853 3007 981 3086 rogabis.
1027 3007 1106 3084 Quia
1129 3013 1213 3090 quin-

186 3117 273 3186 que.
268 3104 347 3154 444444.
391 3093 471 3153 Nihil
493 3093 570 3153 enim
592 3093 648 3154 hoo
670 3093 857 3154 multitudine
879 3093 950 3154 mihi
972 3097 1066 3172 magis
1096 3097 1212 3178 probet.

187 3201 277 3262 quam
300 3181 385 3260 parm
406 3179 586 3240 interfuerit
597 3188 754 3260 poetarum
777 3187 810 3238 ut
832 3199 883 3240 eas
906 3190 1112 3260 sequerentur.

649 3335 680 3414 §-
699 3335 751 3397 45.

219 3507 222 3514 .
274 3453 768 3534 84414441444444444444444414444
789 3457 977 3534 perveniam,
1000 3457 1118 3518 minium
1141 3475 1212 3516 seno

187 3563 270 3604 mero
294 3562 366 3602 44444
381 3541 564 3622 fortuitoque
579 3543 716 3602 evenisse
730 3541 859 3612 videtur,
881 3551 915 3602 ut
929 3551 1089 3622 augmento
1105 3545 1211 3604 omisso

189 3630 309 3690 uocales
337 3636 454 3688 tuntum
481 3627 599 3688 litterae
627 3627 823 3727 praecedent,
853 3627 1029 3708 plerumque
1050 3629 1120 3688 11144
1142 3648 1212 3705 eug·

189 3724 290 3776 mento
313 3723 458 3793 cognatae
481 3731 518 3786 44,
542 3731 584 3790 ec,
607 3733 628 3796 η
651 3710 731 3792 (plus
753 3713 852 3772 tricies
874 3711 955 3794 apud
976 3713 1161 3795 Aeschylum
1183 3721 1211 3772 st

191 3800 398 3880 Sophoclem);
428 3820 490 3860 non
516 3817 584 3858 mro
604 3801 697 3860 etiem
718 3819 781 3874 44,
788 3820 830 3876 cc,
852 3816 904 3861 oo.
949 3795 1048 3872 Semel
1070 3799 1213 3862 omittitur

192 3896 259 3966 post
282 3905 314 3964 4,
336 3907 363 3963 4,
387 3905 428 3961 o,
445 3903 499 3956 o,
495 3892 557 3944 ter
584 3894 654 3945 cut
660 3895 768 3966 queter
790 3894 858 3965 post
879 3884 998 3946 11444444
1016 3895 1212 3948 consonantes
