2530 4444
589 259 804 316 -24-

263 444 311 502 Ita
337 461 443 504 versus
464 463 535 524 pars
563 447 719 524 posterior,
749 446 835 526 quasi
865 453 962 504 totum
983 453 1071 516 11111,
1087 446 1203 506 *iterun

178 529 297 609 quidem
320 528 469 602 dividitur,
493 539 626 590 attamen
653 533 695 590 ita
722 539 756 590 ut
784 551 855 612 pars
885 540 1001 602 tantum
1028 533 1120 590 totius
1142 549 1205 592 esse

176 614 323 674 rideatur.
369 616 490 675 Minime
513 624 613 676 autem
637 617 832 678 deformitatis
856 627 910 684 est,
939 613 1020 698 quod
1042 617 1098 676 hoe
1121 615 1205 677 modo

172 702 296 779 jambi
286 723 318 760 11
333 703 490 764 trochaeos
506 704 662 768 transiisse
684 703 787 762 vident
775 712 832 774 tur,
857 721 933 782 quos
955 705 1059 783 utique
1081 723 1099 760 a
1115 702 1206 765 Grae-

177 788 218 846 cis
247 789 288 846 ita
316 789 434 848 auditos
461 807 527 848 esse
556 790 686 874 probant
715 779 886 869 ἅντιλαβαὶ
918 809 1039 850 versum
1065 791 1108 848 ita
1135 789 1205 852 diri·
1252 831 1253 874 J

176 872 297 932 dentes:

401 963 610 1032 Λευ..
641 973 646 1038 t
679 961 711 1022 Β
714 1009 830 1032 .....

176 1081 287 1160 Neopt.
312 1059 398 1140 eive
424 1079 593 1158 δέδοκται;
618 1081 694 1140 Phil.
717 1078 775 1141 καὶ
803 1077 891 1160 πέρα
911 1070 1034 1164 γ’ἴσθῗῆ
1057 1076 1164 1191 λέγον.

601 1218 668 1296 ξ.
693 1219 743 1278 31.

259 1339 367 1397 Rarius
390 1341 523 1424 reperies
546 1283 669 1398 alterius
691 1339 809 1418 generis
833 1357 996 1411 caesuram,
1014 1357 1092 1418 quae
1106 1339 1201 1398 minus

173 1425 239 1484 loeo
263 1443 352 1503 quarn
375 1415 516 1504 rhythmo
534 1427 667 1503 jamhieo
690 1433 808 1484 servato
832 1443 850 1482 a
872 1425 971 1503 priore
993 1424 1099 1502 diflert

456 1549 474 1562 =
609 1541 613 1606 p
663 1549 680 1562 a
799 1546 817 1560 ι

457 1579 884 1600 υυυυυυυυυυυ
904 1581 923 1596 α

173 1669 353 1728 quamquam
375 1649 465 1708 nimia
486 1649 576 1727 hujus
598 1648 743 1708 formulae
766 1648 931 1708 severitate
960 1667 1021 1708 nou
1043 1669 1118 1728 opus
1141 1658 1202 1729 est;

172 1755 241 1792 nam
264 1733 289 1792 si
310 1733 413 1793 histrio
430 1754 484 1793 sen
485 1736 609 1794 tentiam
622 1735 693 1795 mihi
707 1741 831 1814 premat,
854 1735 977 1813 saepius
999 1734 1119 1794 audiam
1132 1753 1202 1814 pen·
1255 1759 1256 1778 ι

172 1820 374 1880 themimerim.
399 1817 491 1880 siem
502 1841 592 1882 versu
605 1841 694 1902 quem
706 1822 879 1898 vituperare
892 1821 1000 1894 solent,
1014 1817 1050 1880 Ο.
1058 1819 1096 1885 R.
1099 1820 1202 1898 1268

258 1894 461 2006 ἀποσπάσας
483 1898 545 2008 γὰρ
569 1904 715 1985 εἱμάτων
737 1891 963 1989 χρυσηλάτοις
988 1937 1026 1948 —-
1091 1952 1094 1956 .

171 1981 232 2070 γὰρ
261 1993 306 2051 111
306 1993 363 2053 ime
390 2013 457 2054 eum
480 1986 608 2055 ἄπιστε.
632 1992 784 2052 recitando
815 1989 1068 2070 conjungendum.
1113 1993 1204 2052 Haud

171 2077 300 2137 dubia''
282 2099 317 2136 us
340 2087 406 2138 tant
394 2089 457 2138 tum
479 2081 553 2140 locis
583 2086 717 2158 apparet,
697 2078 799 2137 tubi
830 2078 981 2137 sententia
1007 2078 1056 2137 vel
1082 2079 1202 2139 fortiore

170 2165 409 2263 interpunctione
433 2166 523 2226 efficit
511 2174 568 2235 tur
591 2166 676 2224 velut

257 2271 281 2309 ω
270 2231 457 2351 φιλτάτη,
481 2239 518 2312 τὸ
542 2256 643 2312 ποῖον
662 2241 856 2350 Ἀντιγόνη,
867 2246 967 2350 le'yt.
1044 2253 1048 2260 '

255 2353 319 2416 opo
340 2354 377 2414 γε
398 2332 481 2419 μήν
506 2325 545 2400 οὐ
570 2328 716 2415 σμικρός,
741 2326 811 2412 οὐκ,
836 2326 925 2413 tireio
947 2325 1016 2398 οδε.

169 2421 206 2479 ln
228 2421 291 2480 aliis
315 2432 415 2482 autem
436 2424 508 2483 loeis
531 2422 691 2481 verborum
707 2421 858 2482 sententia
881 2431 912 2480 te
937 2430 1033 2500 coget,
1049 2429 1083 2480 11
1098 2422 1200 2481 audias

169 2492 486 2584 penthernimerim-
513 2509 570 2568 nisi
591 2509 669 2567 forte
692 2507 756 2566 aliis
779 2508 898 2586 legibus
923 2508 998 2568 tales
1025 2527 1130 2567 versus
1159 2509 1201 2567 11

170 2595 313 2668 seruiunt,
336 2595 372 2655 de
397 2596 505 2676 quibus
528 2595 669 2654 continno
694 2595 839 2654 tractabo

213 2675 250 2738 Ο.
266 2700 289 2738 r.
314 2683 393 2741 366.
417 2677 594 2765 λεληθέναι
617 2695 655 2740 σε
678 2679 766 2765 φημὶ
790 2669 849 2741 otiu
874 2685 943 2749 τοῖς
966 2676 1146 2760 φιλτάτοις.

254 2765 360 2826 Priora
382 2768 475 2827 verba
502 2788 594 2848 quum
623 2768 686 2826 sine
717 2767 849 2848 pondere
882 2767 949 2838 sint,
974 2774 1059 2826 vates
1087 2766 1126 2826 ad
1153 2767 1201 2826 illa

167 2851 235 2916 fest
215 2860 299 2922 ttrna‚
332 2853 363 2911 11
396 2855 504 2932 quibus
538 2861 660 2912 sentent
661 2854 706 2912 iae
741 2853 831 2912 cardo
863 2855 1006 2922 vertitur;
1036 2871 1200 2932 vocemque

168 2937 226 2997 illie
248 2938 359 3017 insigni
381 2938 468 2998 modo
492 2939 634 2998 retardat.

634 3075 663 3152 1.
689 3078 739 3136 32.

253 3197 342 3255 Nona
363 3195 548 3275 pmdueitun
572 3217 754 3277 quamquam
778 3197 883 3275 quinta
912 3203 1052 3297 correpta
1080 3205 1127 3255 est
1159 3191 1200 3272 (id

170 3280 250 3360 quod
265 3280 400 3341 Persono
416 3291 515 3341 tantas
527 3303 635 3342 eruces
651 3282 804 3379 effecerat)
822 3284 942 3342 etiam
934 3304 965 3342 rn
984 3281 1030 3340 his
1046 3282 1198 3342 versibus:

213 3359 715 3472 (1.1631111111111111,
741 3388 766 3426 ω
792 3364 1011 3467 ταλαίπωροι,
1036 3356 1200 3428 στάσιν-π

212 3451 248 3512 Ο
267 3452 300 3512 O.
318 3456 394 3513 982:
418 3449 521 3516 ἔτικτε
544 3443 666 3532 γαρμ’,
690 3446 871 3515 ἕτικτεν-
890 3475 977 3532 ωμοι
992 3473 1052 3532 μοι
1072 3450 1181 3514 κακῶν

211 3539 288 3598 Phil
314 3541 389 3600 787:
413 3542 631 3620 προςέρχιται
654 3534 763 3601 τι”’δ
746 3537 847 3617 amris.
873 3560 966 3618 eruor
980 3560 1039 3618 μοι
1061 3533 1176 3610 τάλας·

169 3625 267 3698 Quam
291 3627 406 3706 pulchri
428 3627 458 3686 hi
480 3647 594 3696 versus,
611 3646 740 3706 quorum
763 3646 884 3685 eursum
904 3628 1057 3688 volucrem
1077 3633 1198 3706 repente

165 3713 340 3774 ¹uorrtissimo
374 3734 409 3772 ae
443 3713 565 3772 dilatato
605 3712 736 3774 lamento
771 3711 897 3772 haerere
931 3711 1080 3774 audimusl
1126 3711 1198 3786 Quis

165 3799 287 3857 omnino
310 3819 430 3858 versum
452 3800 610 3876 vituperet,
634 3800 686 3878 qui
708 3799 746 3859 nh
769 3801 869 3860 auimo
893 3799 1068 3879 perturbato
1091 3797 1196 3860 forma-

168 3891 217 3941 tus
238 3886 493 3964 perturbationem
516 3884 642 3964 pingat?
